3567 5675
835 537 1090 643 1⁸86*

595 708 698 771 liebus
723 714 833 771 cuncte
855 728 967 776 creans
990 726 1053 775 non
1075 708 1183 789 nequit
1203 723 1276 774 caso
1297 705 1393 789 prior.

532 810 601 873 Non
623 810 727 883 babuit
749 830 808 876 nec
830 812 947 881 babere
968 820 1072 895 potest
1094 811 1260 895 primordia
1284 812 1447 893 princeps,

406 911 490 979 1750
596 916 625 981 Δ
647 934 707 998 quo
729 918 910 1002 principium
931 919 1106 1003 primitiavit
1125 919 1193 1009 iter.

531 1020 600 1087 Non
624 1023 742 1105 coepit,
775 1041 834 1087 nec
856 1026 984 1107 incipiet
1002 1025 1088 1089 Dens
1105 1040 1202 1106 esse,
1233 1028 1373 1104 potestas

598 1125 691 1191 cutus
713 1128 853 1210 principii
875 1128 946 1197 icus
969 1136 1001 1192 et
1023 1129 1114 1212 origo
1135 1126 1201 1194 init.

532 1230 691 1314 incepisse
713 1234 819 1315 nequit
841 1252 1005 1299 caussarum
1028 1252 1141 1316 cansa,
1170 1239 1294 1298 creator
1345 1246 1349 1256 ’

598 1336 704 1421 Orbis,
736 1338 824 1421 origo
848 1340 922 1403 boni
944 1340 1157 1422 principioque
1181 1338 1275 1420 prior.
1314 1358 1316 1362 ·

407 1437 491 1505 1755
536 1442 644 1506 Omnia
667 1443 718 1524 qui
740 1441 815 1509 iecit
835 1446 923 1527 prior
945 1444 1086 1510 omnibus
1110 1439 1176 1507 est:
1203 1444 1291 1526 prior
1311 1458 1386 1507 esse

597 1546 667 1609 Non
689 1548 802 1635 poterit
823 1548 951 1613 soboles
973 1556 1078 1631 patre,
1107 1554 1213 1611 satore
1235 1553 1344 1614 satum.

534 1651 628 1715 Ducis
651 1650 691 1715 ad
709 1651 878 1736 iniamum,
909 1653 1085 1719 miserando
1107 1651 1252 1717 reducis:
1283 1650 1413 1716 acerbes

599 1755 664 1823 Nos
685 1764 774 1839 pater
796 1776 836 1821 ex
858 1758 954 1842 vitiis,
985 1776 1026 1821 cx
1047 1758 1161 1840 pictate
1183 1757 1282 1821 iuves.

516 1860 634 1941 ,Nemo
656 1869 768 1942 potens
791 1862 906 1943 poterit
926 1870 960 1925 nt
981 1869 1012 1925 te
1035 1860 1147 1944 bugiat:
1182 1867 1235 1925 tue
1255 1861 1353 1925 virtut

410 1960 493 2028 1766
601 1964 723 2048 Regnat
746 1964 875 2049 ubique:
908 1966 1022 2049 promis
1045 1964 1152 2048 fortia,
1183 1982 1280 2028 saera
1303 1952 1421 2029 domas.

535 2067 642 2133 Nescit
663 2068 765 2133 bonor
785 2077 856 2135 tuus
880 2070 1021 2154 eclipsin,
1052 2078 1105 2133 tua
1127 2068 1227 2152 gloria
1249 2069 1356 2152 linem,

600 2174 667 2239 Lux
688 2174 849 2258 tenebras,
884 2182 1014 2240 mortem
1035 2175 1115 2257 uite,
1150 2191 1269 2239 corona
1290 2175 1405 2257 iugum.

538 2278 636 2363 Gens,
669 2278 751 2359 quod
774 2296 837 2343 non
859 2279 936 2343 alins
959 2279 1045 2344 Deus
1068 2296 1159 2361 esse,
1184 2276 1298 2360 inisse,
1321 2277 1442 2344 futurus

528 2385 530 2394 “
601 2383 682 2449 Esse
705 2391 813 2467 quent,
844 2384 946 2449 stabili
968 2382 1150 2447 credulitate
1170 2383 1257 2449 sciat

411 2488 494 2556 1765
519 2481 670 2554 'Crimine
693 2498 800 2554 nostra
821 2490 917 2572 patris
939 2489 1039 2571 pietas
1062 2488 1203 2571 castigat,
1226 2487 1339 2553 amicat

603 2593 775 2679 Supplicio,
805 2600 893 2657 sanat
915 2592 1061 2676 vnlnere,
1090 2590 1179 2655 clade
1201 2592 1295 2658 iuvat

539 2699 623 2765 Dlum
647 2698 814 2782 confiteor,
842 2676 885 2760 1111
906 2704 1012 2780 grates
1036 2714 1113 2779 ago:
1146 2713 1238 2761 casus

586 2804 779 2884 ¹leccatoris
803 2802 832 2865 ei
854 2820 917 2866 non
939 2800 1057 2885 placet,
1086 2800 1149 2865 imo
1173 2800 1265 2867 salus.

539 2909 700 2994 Magnifica
721 2908 882 2972 Dominum
904 2907 992 2991 plebs
1013 2906 1198 2972 israelitica:
1229 2908 1340 2994 lauda,

413 3015 497 3083 1770
606 3013 795 3097 confiteare,
824 3031 906 3097 nega
928 3031 992 3077 non
1016 3013 1194 3077 meminisse
1214 3013 1284 3080 Dei.

540 3119 692 3202 Dispersit
711 3118 832 3182 Domini
855 3135 915 3182 vos
937 3116 1143 3200 dispensatio,
1175 3118 1288 3182 vestris

605 3223 645 3291 Ut
666 3221 748 3287 colet
770 3221 919 3304 exemplis
942 3238 1020 3305 gens
1042 3221 1163 3285 inimica
1185 3222 1294 3288 Deum.
1412 3263 1417 3272 ·

541 3328 606 3393 Vos
628 3344 755 3391 narrare
776 3326 868 3389 decet
889 3325 1011 3389 Domini
1034 3324 1203 3406 magnalia:
1233 3344 1362 3410 magnus

474 3415 480 3428 ”
604 3431 726 3498 Laudes
750 3430 926 3515 magnificas
948 3431 1159 3513 promeruisse
1180 3437 1291 3513 potest.

417 3540 499 3605 1775
544 3539 630 3615 Quae
652 3537 739 3600 bona*
756 3536 921 3602 contulerit
942 3500 1050 3619 vobis,
1080 3535 1279 3618 perpendite:
1310 3553 1419 3621 regem

420 3705 681 3726 W
721 3711 723 3718 v

478 3807 558 3888 ’1748
575 3838 603 3885 tc
621 3827 750 3902 nequitu
858 3828 925 3884 1749
944 3843 999 3881 non
1017 3789 1118 3918 {¹¹:322}
1141 3828 1174 3882 W
1252 3826 1320 3884 1756
1338 3828 1556 3903 prinoipinritd

417 3936 590 4016 principiarit
606 3935 661 3990 iter
678 3951 762 4006 marg.
781 3934 843 3989 lons
862 3942 892 3989 ct
910 3934 987 4007 origo
1007 3934 1060 3990 tuit
1082 3938 1122 4020 W·
1162 4006 1169 4020 ι
1191 4006 1198 4020 Ι
1217 4015 1229 4061 t
1247 3932 1312 3994 1751
1333 3954 1389 3991 non
1407 3937 1556 4011 incipicte

1113 4024 1170 4061 mm
1190 4023 1216 4060 ιο

416 4100 474 4139 nnn
490 4079 594 4153 incepit
609 4095 662 4135 nac
680 4078 823 4151 incipietl
874 4096 931 4134 non
950 4078 1024 4150 cepit
1038 4095 1096 4133 non
1114 4023 1212 4150 1οοίΒῆ
1248 4079 1295 4129 W
1435 4083 1506 4138 1752
1528 4085 1563 4138 w

416 4188 516 4244 marga
563 4166 618 4224 lsta
650 4169 768 4224 carmina
800 4168 859 4244 (sol.
887 4169 952 4224 1751
983 4177 1011 4224 et
1039 4169 1116 4244 1752)
1144 4169 1178 4224 in
1205 4169 1273 4227 aliis.
1289 4187 1346 4225 non
1372 4171 1558 4232 inveniuntur.

419 4263 488 4323 1756
506 4278 562 4317 non
580 4261 670 4334 potuit
690 4263 774 4318 GVW
852 4259 922 4316 1756
939 4276 996 4314 non
1013 4268 1092 4332 pater
1115 4262 1136 4314 l'
1216 4260 1284 4315 1763
1302 4260 1409 4317 iuturus
1427 4261 1560 4322 iniraetl

418 4354 488 4409 1764
506 4361 549 4408 est
566 4360 649 4427 queat
671 4355 693 4408 V
756 4350 903 4409 sedulitate
922 4350 993 4407 ierat
1010 4351 1046 4406 al.
1066 4349 1229 4407 crednlitate
1247 4349 1317 4405 sciet
1335 4352 1383 4404 W
1489 4355 1559 4410 1766

416 4444 545 4501 nbercD
615 4443 729 4501 verbere
749 4444 822 4510 VW
890 4441 967 4497 clade
983 4441 1066 4498 docet
1085 4441 1139 4497 GV
1207 4440 1299 4496 domat
1317 4442 1365 4493 W
1430 4440 1561 4501 661636

419 4535 488 4593 ltus
505 4533 630 4590 Israelita
645 4535 657 4587 l
729 4532 792 4589 1771
815 4531 949 4603 dispergit
966 4561 1001 4572 -
1017 4530 1217 4603 dispensatiotl
1251 4545 1350 4584 nos-
1361 4532 1464 4588 normis
1479 4535 1563 4590 Wt

411 4624 592 4679 17766011
725 4621 794 4675 1774
812 4618 922 4690 magnii.
938 4618 1063 4674 landesl
1114 4617 1349 4692 praemernisaeo
1490 4624 1561 4680 1715

418 4713 498 4770 nobis
519 4713 616 4772 oVW
670 4710 773 4768 centul.
791 4707 926 4766 Dominus
944 4710 1076 4784 perpend.
1094 4712 1112 4766 Ι
