3567 5675
858 558 1073 623 ...20-

437 747 439 757 ·
502 722 660 789 Nobilibus
683 725 838 791 trabeatus
861 730 944 812 avis,
977 729 1073 793 decus
1095 725 1197 813 orbis,
1231 729 1354 795 honesti

566 830 691 909 Forma,
723 833 921 898 sacerdotum
942 852 1077 918 gemma,
1108 834 1234 897 lucerna
1257 835 1378 918 gregis,

417 928 456 994 15
501 930 582 996 Cleri
603 934 802 1020 praesidium,
830 941 881 1002 vio
905 941 1005 1023 pacis,
1038 941 1124 1004 cuius
1147 938 1285 1018 honore,

565 1037 657 1104 cnius
680 1040 749 1105 luce
772 1042 838 1107 dies
861 1044 1047 1126 ingeminato
1070 1052 1180 1126 stupet.

433 1178 435 1186 ,
499 1141 565 1228 Sol,
598 1146 684 1209 ouius
707 1146 811 1213 radios
833 1149 908 1212 urbs
930 1148 1141 1231 llartlnopolis
1168 1149 1234 1217 orbi

564 1248 759 1336 Commodat,
790 1260 821 1317 et
843 1260 940 1317 totum
963 1256 1057 1337 partis
1081 1254 1213 1317 honorat
1236 1253 1352 1318 honor:

498 1349 540 1418 Es
565 1354 641 1419 solis
663 1356 768 1420 radius
776 1406 784 1440 ‚
815 1358 847 1420 in
871 1376 934 1440 quo
957 1358 1113 1422 consentit
1134 1358 1266 1422 honesto

411 1451 453 1519 20
561 1459 669 1523 Forma
691 1461 855 1542 pudicitiae
876 1482 947 1525 rare
970 1462 1028 1527 sed
1051 1470 1121 1544 apto
1144 1479 1269 1526 comes:

496 1561 538 1626 Es
561 1564 637 1629 solis
660 1565 780 1650 radius,
811 1584 871 1648 quo
896 1565 1058 1630 festivatur
1079 1566 1201 1630 alumno

560 1669 779 1755 Vindocinum,
803 1671 933 1734 Turonis
956 1671 1116 1754 praesule,
1139 1670 1210 1735 'cive
1230 1668 1337 1753 polus:
1398 1684 1426 1754 'p

496 1772 539 1837 Es
563 1774 639 1839 solis
661 1774 782 1859 radius,
806 1776 855 1840 cui
877 1776 1002 1858 praesul
1025 1776 1194 1841 avunculus
1218 1795 1316 1861 agnus

560 1880 593 1942 ln
614 1889 740 1963 pastore
762 1880 834 1964 fuit,
863 1882 896 1944 iu
919 1878 1094 1945 dominante
1116 1882 1223 1944 minor.

378 2018 380 2027 ,
410 1980 451 2045 25
494 1982 581 2049 Hunc
603 2004 657 2049 rea
680 1987 903 2070 morsrapuit,
938 1987 1025 2050 cuius
1048 1986 1245 2069 dignissimus
1269 1987 1382 2051 haeres

562 2090 687 2154 Tractas
711 2082 986 2172 emerita'soeptra
1007 2099 1135 2172 paterna
1159 2110 1258 2156 mauu.

495 2192 539 2256 Te
560 2194 645 2258 Deus
671 2192 778 2278 elegit,
808 2202 841 2258 ut
863 2194 954 2258 ovilio
977 2192 1122 2277 dogmate
1143 2214 1272 2282 pascas,

560 2299 708 2383 Exemplo
731 2284 855 2384 foueas,
884 2299 1101 2364 commoditate
1123 2302 1228 2366 iuves:

495 2402 539 2468 'le
561 2404 645 2469 Deus
669 2405 780 2489 elegit,
815 2412 848 2468 ut
871 2401 1052 2487 dispensare
1074 2405 1189 2471 talenta

410 2503 452 2570 30
561 2510 682 2573 Tradita
705 2510 862 2592 multiplici
884 2509 1047 2574 sedulitate
1069 2513 1161 2575 velis:
1212 2511 1215 2517 ’
1272 2513 1277 2520 ’

495 2614 539 2677 Te
562 2615 646 2680 Deus
671 2616 764 2701 elegit
785 2634 840 2681 vas
864 2613 985 2701 nobile,
1017 2635 1072 2680 vas
1095 2617 1126 2679 in
1148 2617 1314 2705 honorem,

394 2760 665 2773 ——

467 2835 500 2890 13
526 2835 664 2892 trabeatus
697 2833 717 2909 S
741 2851 792 2908 pro
816 2844 929 2891 ornatus
954 2837 972 2891 t
1048 2833 1171 2891 honestis
1196 2821 1295 2894 carst'
1355 2839 1488 2897 honestus
1512 2844 1531 2898 t

390 2924 425 2980 14
450 2933 540 2996 gemia
567 2924 727 3001 (geminat)
756 2929 778 2982 0
906 2926 938 2980 15
963 2942 1039 2998 seqq.
1076 2924 1108 2981 ln
1143 2927 1300 2984 ordinandis
1326 2929 1368 2986 his
1403 2933 1530 2988 versibus

387 3023 500 3069 secutus
519 3032 579 3069 sum
608 3018 647 3082 dl,-
718 3017 804 3071 FVW
817 3017 899 3070 Bartls
917 3035 932 3070 o
951 3014 1005 3069 sic:
1028 3015 1131 3082 14,17,
1154 3017 1531 3090 18,15,16,23,24,19,

386 3087 1528 3178 mom—nmstffifflffimnmowuwtm

388 3195 430 3260 17,
449 3196 491 3262 18,
512 3196 553 3263 15,
575 3193 617 3262 16,
631 3198 672 3263 19,
692 3199 735 3264 20,
757 3198 801 3262 23,
815 3198 859 3263 24,
876 3197 1039 3262 212225
1173 3201 1207 3254 16
1225 3200 1316 3256 lurel
1445 3206 1477 3260 19
1497 3222 1530 3260 es

386 3286 444 3342 rad.
464 3287 515 3342 sol.
535 3290 560 3340 F
576 3285 627 3360 (sic
645 3296 673 3344 et
690 3306 715 3342 r.
735 3287 781 3362 21)
806 3290 833 3342 e·
901 3287 1042 3342 consensit
1053 3289 1121 3343 ,suo
1194 3293 1332 3348 noncessit
1355 3297 1387 3349 tn
1456 3312 1531 3349 oon-
1650 3350 1651 3355 ,

386 3377 459 3432 sistit
481 3376 549 3451 WlsS
567 3376 620 3433 us.
640 3375 708 3434 Cod.
729 3378 799 3433 alter
817 3378 955 3433 consentit
1096 3379 1129 3431 21
1151 3378 1297 3436 festinatur
1314 3383 1362 3439 rto
1419 3384 1455 3438 cl.
1474 3387 1528 3442 490
1650 3365 1651 3449 i

387 3457 479 3522 licetin.
499 3466 634 3540 alumpnie
653 3468 674 3542 S
693 3467 742 3523 sel.
762 3468 926 3524 ammcnlum
941 3467 970 3521 in
988 3464 1049 3522 118.
1068 3461 1137 3521 God.
1158 3469 1204 3524 alt.
1229 3473 1247 3524 t
1415 3475 1453 3526 22
1470 3474 1528 3530 sire
1650 3498 1651 3555 ,

386 3557 442 3630 pol.
462 3561 474 3612 l
639 3561 675 3615 23
696 3560 741 3615 oui
762 3559 828 3614 solis
848 3561 929 3614 Barth
946 3587 981 3600 -—
1006 3557 1042 3612 ol.
1061 3555 1185 3613 Reinesii
1202 3555 1275 3632 Epp.
1294 3560 1329 3615 sd
1346 3557 1445 3616 Deum.
1463 3561 1530 3636 Ap·—

386 3649 468 3721 pend.
494 3668 521 3723 p.
538 3651 605 3706 ³44:
631 3647 746 3705 Prsesnl
772 3651 921 3706 avunculus
949 3649 1001 3704 luit
1019 3647 1138 3715 Genius,
1162 3649 1268 3716 locine,
1293 3648 1393 3707 loscio.
1434 3657 1528 3712 Circe.

386 3742 474 3795 Norm.
495 3741 556 3795 not.
575 3743 605 3794 de
623 3741 706 3794 Monte
724 3759 794 3795 onem
814 3742 896 3796 1067.
916 3741 996 3795 1714.
1016 3737 1172 3805 Reinesius.
1316 3741 1353 3795 24
1368 3741 1399 3796 in
1416 3752 1528 3814 pastore

387 3829 439 3884 luit
455 3830 484 3883 in
503 3829 659 3886 dominante
679 3829 774 3906 cliens)
794 3829 923 3886 Barthiuo
943 3829 1029 3884 edidit
1046 3835 1138 3887 canor.
1174 3828 1290 3885 Rectam
1314 3840 1358 3885 est
1379 3831 1408 3884 si
1432 3835 1528 3891 otene:

386 3919 467 3974 toties
488 3919 560 3974 enim
573 3920 644 3992 apud
658 3920 711 3975 hoc
727 3937 813 3993 genus
829 3917 1064 3990 scriptoresisoet
1078 3935 1128 3990 pro
1141 3919 1276 3986 ministro,
1294 3919 1406 3974 tumulo.
1425 3923 1527 3978 cena.

385 4003 464 4064 Unde
482 4026 547 4064 sero
566 4008 666 4065 habeat
683 4007 830 4066 Reinesine
849 4009 918 4064 illud
936 4012 1022 4074 otissa
1041 4007 1108 4064 milri
1125 4026 1181 4063 non
1200 4009 1303 4082 liquet,-
1316 4027 1377 4065 cum
1397 4019 1426 4065 et
1441 4008 1528 4066 1188.
1649 4018 1650 4023 ’

386 4109 415 4155 et
432 4099 558 4171 impressi
577 4101 631 4158 mei
649 4103 722 4166 libri,
733 4119 827 4158 omnes
847 4108 1006 4158 constanter
1024 4109 1153 4155 tueantur
1168 4105 1267 4169 edm,
1290 4117 1451 4176 quemquam
1468 4119 1527 4157 non

385 4207 466 4260 nego,
484 4190 512 4243 ni
530 4193 608 4246 ollem
629 4193 726 4247 melius
746 4193 812 4246 mihi
830 4192 917 4248 rideri
936 4207 1017 4264 quem
1034 4192 1063 4244 cd
1081 4195 1172 4257 minor,
1191 4192 1273 4246 modo
1290 4194 1335 4248 rel
1353 4209 1425 4246 unus
1442 4209 1528 4247 meo-

385 4299 445 4336 rum
464 4280 540 4337 librr.
560 4284 707 4354 praeberet
725 4283 796 4338 hano
814 4284 971 4338 lectionem.
991 4314 1025 4322 —
1045 4281 1081 4336 ol.
1102 4282 1163 4338 186.
1183 4283 1245 4338 684.
1266 4261 1344 4339 1616.
1488 4285 1527 4340 tt

384 4370 464 4426 heras
484 4373 510 4426 ll
578 4370 671 4430 hesli
740 4393 801 4440 reo,
819 4372 848 4428 id
867 4380 911 4426 est
928 4371 1008 4425 noxis
1026 4373 1127 4425 lisinec.
1280 4372 1316 4426 26
1334 4387 1419 4442 regns
1438 4375 1531 4444 pati

383 4459 518 4516 atrro.
536 4458 572 4515 29
591 4470 619 4516 et
636 4463 670 4516 30
689 4461 768 4534 ponit
789 4469 852 4515 ante
876 4479 902 4515 r.
921 4458 957 4513 at
976 4467 1004 4513 et
1020 4459 1065 4515 28.
1208 4459 1525 4536 27,28,29,36’3

383 4547 463 4605 Haec
495 4552 549 4606 duo
576 4551 691 4607 distich
717 4553 745 4608 in
772 4550 870 4626 altero·
887 4549 955 4605 Cod.
981 4547 1042 4605 tls.
1069 4566 1125 4604 non
1150 4559 1258 4604 exstant
1284 4551 1301 4604 t
1373 4551 1528 4620 dogmatsl

374 4639 689 4696 deosculamini?
736 4641 852 4697 r.28et
866 4641 902 4694 29
920 4640 1018 4696 ema
1141 4639 1177 4693 30
1196 4637 1300 4693 credits
1320 4641 1384 4694 not
1438 4639 1526 4705 male3

382 4727 480 4783 tradita
495 4730 740 4801 constanterllulg.
756 4747 812 4784 non
827 4731 923 4784 semel.
938 4729 1007 4785 cir.
1019 4729 1071 4785 184
1106 4745 1191 4802 quem
1206 4729 1221 4782 l
1298 4728 1332 4782 61
1345 4725 1482 4788 inhonore
1495 4733 1532 4786 m
