3567 5675
1784 563 1869 579 ...
1962 524 2048 592 94
2138 560 2224 578 ...-

893 691 1060 759 1970
1278 695 1356 759 Et
1397 648 1695 781 genitriit,
1743 706 1880 760 ortu
1927 698 2285 782 commoda,
2331 706 2528 764 monte
2572 690 2865 762 nocens?
2945 754 2951 762 .

1140 797 1296 873 Quid
1341 798 1471 883 fuit,
1518 807 1616 864 est
1658 807 1722 865 et
1764 802 1911 885 erit,
1958 803 2076 867 nisi
2120 800 2313 865 faex?
2355 800 2500 866 faex
2542 804 2831 887 pessima,
2883 805 3175 885 quamvis

1134 926 1140 931 ·
1264 903 1421 967 Cara
1464 906 1574 988 sit,
1642 904 1767 969 heu
1816 907 1983 971 carie
2026 925 2153 970 non
2202 892 2720 995 carituralcaros

1131 1006 1270 1071 Non
1314 1016 1494 1073 natus
1539 1008 1720 1074 valeo
1767 1018 2028 1075 mortem
2073 1028 2200 1075 non
2252 1011 2533 1075 solvere:
2592 1017 2771 1074 natus

1257 1112 1398 1176 Non
1442 1131 1689 1194 nequeo
1735 1116 1958 1179 misera
2007 1115 2361 1180 conditione
2407 1116 2583 1178 mori.

881 1211 1040 1279 1975
1130 1218 1261 1281 Lex
1304 1219 1512 1301 gravis
1560 1226 1658 1283 est
1699 1221 1934 1303 carniS‚
2000 1222 2171 1284 cuius
2218 1222 2318 1284 via
2361 1221 2689 1284 transitus:
2754 1237 2904 1285 esse

1258 1322 1370 1387 Est
1414 1324 1645 1387 debere
1691 1324 1810 1388 sibi
1854 1324 2114 1409 deesse,
2182 1324 2466 1407 sepulcra
2509 1325 2652 1407 pati.

1126 1427 1261 1492 Heu
1309 1429 1790 1513 quantisvitiis,
1855 1437 2077 1511 quanta
2123 1432 2423 1512 gravitate
2467 1430 2750 1497 moderni

1253 1533 1434 1595 Exilii
1475 1534 1738 1615 petimus
1784 1541 2157 1615 perpetuare
2202 1551 2428 1598 moras·

1122 1637 1449 1721 Nasceris‚
1509 1655 1663 1720 ergo
1711 1638 1865 1701 cinis
1914 1639 2070 1702 eris:
2126 1635 2344 1721 incipis
2392 1655 2572 1722 esse,
2627 1641 2861 1703 teneris

873 1739 1038 1805 1980
1251 1742 1398 1806 Post
1439 1758 1566 1805 non
1611 1760 1789 1807 esse:
1852 1741 2031 1806 datur
2072 1743 2229 1825 vita,
2289 1749 2505 1806 tenere
2550 1744 2724 1808 mori.
2827 1751 2836 1758 ’

1122 1846 1252 1910 Nos
1299 1845 1484 1909 trahit
1523 1846 1588 1909 in
1629 1854 1890 1910 mortem
1933 1853 2186 1930 natura,
2258 1847 2500 1910 coactio
2548 1847 2800 1910 mortis:

1250 1952 1364 2016 Est
1405 1952 1565 2015 haec
1607 1954 1733 2016 vita
1774 1952 1983 2016 brevis
2026 1951 2261 2015 lubrica
2303 1970 2507 2034 poena
2524 2002 2541 2036 ‚
2606 1951 2804 2017 dolor.

1125 2058 1358 2122 Tobiae
1405 2064 1550 2120 sunt
1588 2056 1760 2140 plura
1806 2056 1981 2121 necis
2027 2056 2279 2120 solatia:
2334 2055 2540 2119 lumen

1250 2161 1649 2246 Perpetuam,
1711 2161 1873 2243 iugis
1919 2160 2075 2243 vita,
2140 2159 2357 2222 iocosa
2404 2159 2600 2241 quies.

877 2263 1037 2332 1985
1124 2268 1596 2349 Νοιι-ῐιιοι·ἰῑιιι·,
1657 2265 1771 2331 sed
1816 2273 2121 2329 mutantur
2161 2263 2456 2328 fluitantia
2502 2264 2721 2347 certia,

1249 2372 1440 2435 Terra
1482 2371 1661 2455 polo,
1724 2371 1988 2454 gemitus
2032 2386 2219 2451 pace,
2278 2367 2483 2432 salute
2522 2368 2720 2431 dolor.

1118 2476 1217 2541 Ad
1269 2477 1465 2541 solem
1509 2476 1719 2540 radius
1738 2523 1755 2558 ,
1825 2474 1908 2538 ad
1947 2480 2183 2556 patrem
2225 2472 2418 2556 filius,
2478 2472 2624 2536 exul

1247 2580 1345 2645 Ad
1387 2582 1644 2664 petriam
1662 2630 1680 2664 ,
1740 2582 1943 2644 victor
1986 2578 2064 2642 ad
2107 2578 2389 2642 diadema
2430 2577 2607 2642 redit.

1121 2687 1325 2751 Iustus
1374 2687 1502 2750 obit
1542 2703 1664 2749 nec
1709 2683 1870 2765 obit,
1923 2681 2038 2747 sed
2085 2682 2235 2765 abit,
2298 2681 2413 2745 sed
2458 2682 2534 2744 ab
2588 2679 2835 2764 hospite
2878 2680 3130 2764 migrans

877 2792 1036 2860 1990
1254 2792 1452 2856 Carne
1495 2791 1650 2874 petit
1688 2789 1946 2871 patriam
1992 2786 2373 2869 deliciasque
2420 2786 2630 2869 patriS.
2863 2872 2869 2878 ·
3101 2861 3109 2869 ‚

1118 2899 1322 2967 Iustus
1372 2896 1533 2979 obit,
1598 2914 1718 2958 nec
1763 2893 1924 2957 obit:
1986 2891 2116 2956 obit
2158 2890 2346 2976 orbe,
2403 2891 2756 2954 renascitur.
2795 2891 3010 2975 astris,

1244 3006 1323 3070 Et
1365 3004 1629 3068 iucunda
1675 3019 1904 3066 novum
1942 2999 2149 3064 sidera
2197 2998 2368 3062 sidus
2412 2997 2661 3060 habent.

1117 3111 1380 3195 Magnus
1426 3116 1579 3192 erat,
1623 3107 1811 3171 modo
1857 3106 2054 3168 maior
2098 3104 2233 3186 erit,
2280 3103 2395 3166 sed
2441 3103 2743 3166 maximus
2788 3102 2967 3187 orbe,

1005 3373 1143 3428 1970
1181 3378 1334 3425 ortus
1373 3398 1442 3408 -
1479 3381 1734 3439 premens
1781 3363 1852 3417 W
2078 3358 2213 3416 1971
2255 3365 2340 3412 est
2376 3355 2508 3430 quid
2544 3356 2651 3412 erit
2686 3356 2813 3427 (W)
2920 3359 3032 3427 nisi
3070 3358 3158 3413 fex

865 3468 1023 3520 humo
1059 3459 1298 3536 pessima
1335 3457 1579 3532 quamvis
1627 3457 1673 3510 V
1816 3452 1956 3507 1972
1978 3466 2104 3504 care
2125 3465 2239 3503 non
2258 3447 2489 3502 caritura
2516 3448 2561 3503 θ
2596 3478 2665 3487 -
2702 3444 2909 3502 Inserit
2922 3455 2966 3502 'o
2991 3447 3155 3503 haece

1757 3544 1798 3583 ο
2203 3539 2243 3578 ο

1323 3633 1418 3692 Sic
1450 3635 1556 3690 sibi
1591 3633 1707 3689 visa
1744 3631 1952 3685 decens
1990 3637 2076 3684 est
2110 3627 2233 3682 fece
2270 3626 2433 3699 plena
2473 3641 2619 3681 caro.

881 3733 1012 3788 1973
1048 3710 1160 3786 1¹1'on
1197 3735 1428 3783 mortem
1467 3726 1524 3778 V
1625 3722 1927 3777 dissolvere
1964 3722 1987 3773 l
2088 3735 2194 3772 nec
2232 3715 2446 3770 solvere
2484 3736 2513 3769 ο
2769 3714 2908 3770 1974
2950 3716 3155 3770 condit.

865 3824 969 3877 frui
1006 3827 1063 3878 Io
1284 3818 1418 3876 1975
1453 3817 1548 3871 lex
1583 3822 1768 3886 gratus
1810 3814 1855 3868 θ
2073 3808 2209 3866 1977
2245 3807 2303 3861 in
2340 3805 2557 3880 quantis
2594 3807 2617 3858 1
2828 3804 2972 3860 1978
2999 3803 3162 3859 'con-.

869 3916 1078 3968 tinuare
1117 3925 1322 3965 moram
1359 3909 1431 3962 Po
1650 3903 1783 3960 1979
1824 3899 2005 3971 inopis
2044 3915 2165 3952 esse
2214 3900 2259 3952 G
2456 3895 2601 3952 1980
2636 3902 2764 3967 post
2798 3911 2912 3948 non
2951 3893 3151 3950 deesse

857 4004 963 4060 vita
1003 4001 1161 4056 datur
1198 4000 1255 4052 V
1356 3995 1535 4051 teneri
1573 3992 1711 4047 mori
1747 3995 1770 4046 l
2014 3988 2145 4043 1981
2188 4004 2301 4040 non
2339 3982 2479 4040 trah.
2519 3987 2542 4038 1
2643 3991 2833 4038 natum
2872 3992 3054 4039 coact-
3100 3983 3150 4035 G

865 4093 1003 4152 1982
1041 4097 1126 4144 est
1160 4087 1250 4142 hic
1287 4088 1356 4142 al.
1395 4085 1487 4140 hic
1525 4092 1612 4139 est
1645 4114 1714 4124 -
1752 4096 1932 4153 poena
1972 4078 2043 4132 al.
2079 4077 2189 4133 vita
2230 4077 2324 4127 JV
2419 4072 2580 4128 labor
2613 4076 2659 4128 P
2744 4069 2925 4144 Caput
2966 4070 3097 4127 XV.
3128 4093 3156 4127 ο

867 4182 999 4239 1983
1036 4177 1205 4232 multa
1240 4176 1394 4230 necis
1436 4177 1511 4230 Ge
1681 4171 1817 4228 1985
1856 4176 2093 4223 mutatur
2141 4167 2188 4220 V
2345 4163 2482 4219 1986
2520 4163 2590 4217 al.
2630 4163 2814 4235 quiete
2851 4160 3013 4216 labor
3064 4163 3155 4228 W,-

865 4272 941 4324 sin
977 4272 1002 4324 1
1216 4264 1567 4320 1989-1992
1603 4259 1854 4336 Quatuor
1911 4257 2014 4311 hos
2064 4271 2254 4309 versus
2304 4269 2375 4308 eo
2426 4251 2619 4306 ordine
2671 4248 2893 4304 exhibui
2930 4248 3154 4324 qualem

861 4356 1150 4429 adscripsit
1182 4357 1242 4421 1,·
1299 4353 1403 4407 GV
1407 4353 1474 4406 W
1520 4350 1600 4405 sic
1657 4349 1807 4413 1991,
1857 4348 1944 4411 92,
1992 4346 2082 4410 89,
2120 4345 2188 4398 90
2297 4343 2347 4395 l.-
2390 4341 2542 4404 1990,
2587 4339 2751 4403 1993,
2796 4338 3153 4403 1994,,1991,

869 4450 1006 4504 1992
1112 4465 1171 4500 o.-
1213 4443 1366 4507 1991,
1410 4442 1563 4506 1990,
1611 4440 1761 4504 1989,
1804 4439 1942 4492 1992
2252 4433 2385 4488 1989
2423 4429 2538 4485 abit
2574 4426 2641 4482 ab
2679 4427 2839 4500 hosp.
2883 4429 2943 4480 V
3049 4445 3156 4483 nec

861 4539 977 4596 ubit
1011 4537 1109 4591 sed
1152 4543 1299 4590 tutus
1350 4531 1418 4586 ab
1468 4528 1684 4602 bospite
1733 4527 1970 4599 migrans
2007 4525 2080 4580 W
2179 4523 2307 4578 iust.
2346 4522 2460 4576 abit
2507 4517 2607 4593 (sic
2646 4528 2703 4575 et
2742 4517 2899 4593 1991)
2936 4549 3008 4558 -
3050 4516 3147 4572 sed

865 4628 978 4684 abit
1013 4626 1079 4682 ab
1121 4625 1276 4697 hosp.
1314 4626 1339 4679 1
1556 4621 1679 4676 1991
1730 4618 1847 4673 abit
1881 4615 2017 4671 orbe
2059 4613 2150 4666 W
2246 4613 2421 4667 iustus
2459 4609 2576 4665 obit
2616 4609 2735 4664 obit
2769 4608 2888 4663 obit
2922 4606 3064 4661 orbe
3109 4606 3165 4659 V

873 4719 1005 4776 1992
1040 4714 1208 4769 hahet
1255 4717 1298 4768 V
1396 4772 1406 4777 ,
1515 4704 1648 4767 1993
1685 4708 1783 4765 sed
1822 4708 1995 4762 maior
2031 4704 2203 4759 erit-o
