3567 5675
566 1100 1209 1217 unouuuomuNA.‘

754 1299 937 1312 -u———n

268 1462 329 1576 Ne
362 1491 429 1595 quis
459 1510 539 1578 iorte
570 1505 669 1574 lector
698 1508 845 1589 deceptus
874 1506 961 1570 titulo
990 1508 1080 1572 buius
1111 1510 1204 1573 libelli
1227 1504 1294 1593 plus
1317 1512 1348 1574 iu
1371 1492 1410 1577 eo'

271 1618 399 1699 quaerat
431 1635 520 1697 quam
555 1612 637 1695 quod
670 1612 808 1695 perlecto
844 1628 883 1673 eo
915 1613 1083 1696 invenerit,
1116 1631 1247 1697 moneo,
1278 1624 1341 1680 me'
1360 1618 1410 1681 bie

269 1742 306 1787 ea
328 1728 445 1785 tantum
467 1714 626 1797 allaturum
641 1734 723 1801 esse,
748 1732 826 1796 quae
849 1713 888 1777 ad
910 1716 1099 1780 intellectum
1122 1720 1263 1781 carminis
1288 1723 1410 1785 omnino

269 1832 339 1890 sunt
361 1824 548 1889 necessaria.
599 1822 679 1885 Nolo
703 1820 839 1885 scribere
870 1822 1004 1901 oritipam
1027 1821 1184 1885 historiam
1207 1823 1309 1898 biblici
1330 1825 1409 1888 illius
1493 1875 1500 1897 x

202 1978 207 1989 .
268 1930 336 1993 libri
367 1930 423 1995 sub
456 1926 573 1991 eodem·
595 1926 681 1989 titulo
711 1926 790 2005 noti3
822 1925 874 1989 re's
907 1933 937 1989 et
967 1926 1003 1987 ab
1028 1924 1094 1989 aliis
1117 1933 1188 1989 ante
1212 1946 1260 1989 me
1282 1935 1410 2003 tractata

268 2045 317 2102 est
347 2031 416 2099 fuso
448 2041 479 2096 et
509 2033 637 2115 copiose
650 2030 688 2117 ¹),
723 2037 754 2092 et
780 2048 832 2094 res
857 2038 905 2094 est
927 2030 1156 2113 Theologorum
1179 2032 1286 2094 barum
1307 2052 1411 2097 rerum

268 2152 318 2205 me
340 2140 527 2223 peritiorum.
572 2135 774 2217 Praecognita
797 2134 876 2197 baec
899 2151 979 2215 quae
1003 2134 1117 2198 debent
1138 2151 1210 2199 esse
1233 2136 1358 2220 brevia,
1378 2138 1410 2201 iu

269 2253 401 2327 quatuor
424 2241 591 2305 dividamus
616 2238 761 2321 capitula,
794 2255 923 2319 quorum
945 2238 1073 2319 primum
1096 2240 1159 2321 agit
1182 2237 1321 2325 devita,
1352 2261 1409 2306 se-

269 2348 401 2415 cundum
432 2348 470 2411 de
500 2343 620 2428 seriptis
643 2342 788 2407 Matthaei
820 2344 851 2404 in
878 2342 1072 2426 universum,
1103 2345 1223 2407 tertium
1254 2344 1292 2408 de
1315 2346 1410 2413 'lobia

268 2456 299 2519 in
328 2454 434 2538 specie
465 2458 497 2514 et
528 2458 667 2532 quartum
697 2447 829 2528 denique
862 2446 901 2509 de
931 2447 1063 2511 oonsilio
1093 2456 1124 2511 et
1153 2448 1296 2512 subsidiis
1319 2450 1409 2518 buius

267 2548 369 2623 novae
393 2556 544 2625 editionis.
643 2596 645 2601 -
686 2626 690 2633 ,

757 2738 878 2797 CAPUT
896 2739 918 2797 Ι.

345 2939 347 2946 ,
462 2857 702 2947 narratur
726 2866 1071 2946 unuoornunsrs
1097 2832 1217 2948 ura,

353 3051 387 3113 lu
410 3049 496 3111 ouius
527 3048 615 3129 primi
639 3047 745 3128 eapitis
768 3046 854 3108 initio
886 3046 997 3109 iterum
1020 3047 1120 3112 statim
1143 3044 1334 3115 mouendum
1359 3037 1421 3119 vr:
1512 3092 1515 3100 1

268 3157 358 3220 detur
378 3187 420 3202 -·
449 3171 489 3216 ne
518 3153 544 3217 si
577 3152 699 3217 silentio
729 3169 795 3214 ram
821 3154 1049 3237 praeterierim,
1077 3154 1221 3217 invidiam
1244 3163 1275 3219 et
1295 3175 1410 3240 repre.

267 3260 449 3324 hensionom
471 3259 624 3343 incurram
646 3289 689 3304 -·-
710 3273 759 3318 mo
781 3253 943 3320 maximam
971 3266 1095 3339 partem-
1113 3267 1251 3352 sepulum
1275 3277 1347 3325 esse
1370 3284 1407 3330 ea

268 3379 348 3445 quse
362 3363 524 3432 disseruit·
538 3363 572 3425 V.
588 3363 624 3426 b.
646 3363 677 3424 in
699 3361 834 3426 Histoire
855 3361 1003 3426 litteraire
1025 3363 1064 3426 de
1086 3364 1213 3447 Fronde,
1236 3365 1320 3431 Tom.
1343 3371 1408 3439 XV.

266 3485 295 3550 p.
311 3461 491 3531 loo-428.
536 3465 626 3530 Absit
647 3451 769 3550 jurare*
784 3465 815 3529 in
847 3465 943 3528 vorba
971 3467 1124 3550 magistri!
1183 3457 1245 3534 set
1275 3489 1344 3535 oum
1367 3461 1409 3539 3re

268 3561 431 3656 diligenter
450 3583 623 3654 perpensat,
646 3567 817 3652 multisque¹
835 3579 980 3652 quantum
1001 3572 1032 3634 id
1053 3573 1176 3654 quidem
1199 3575 1284 3640 licuit
1291 3590 1302 3661 ‚'
1323 3579 1411 3647 libris

268 3677 387 3740 oollatis
402 3675 633 3758 intellexissem,
658 3677 758 3738 omnia
778 3675 861 3738 illum
878 3674 1027 3758 attulisse,
1050 3691 1130 3757 quae
1152 3677 1254 3741 afferri
1270 3693 1409 3770 possent,

267 3790 299 3844 ot
320 3779 463 3845 hausisse
487 3781 572 3846 iilum
595 3797 635 3844 ex
653 3779 790 3844 lontibus
812 3787 846 3844 et
864 3781 979 3862 ignotis
1001 3787 1033 3844 at
1053 3780 1135 3844 baud
1155 3780 1245 3845 laoile
1259 3784 1408 3855 adeundis
1472 3805 1477 3822 ·

267 3887 356 3970 milri,
387 3888 482 3950 satius
514 3885 587 3949 duxi
612 3882 695 3950 illius
714 3886 750 3950 V.
766 3886 801 3949 D.
826 3885 957 3968 vestigia
984 3902 1126 3968 premere
1149 3904 1240 3968 quam
1264 3871 1303 3952 de
1325 3909 1409 3958 novo

267 3991 412 4056 bramber
433 4005 606 4070 recoquere
621 3990 784 4071 oleumque
803 3995 833 4051 et
854 4005 980 4070 operam
996 3990 1128 4072 perdere
1147 3991 1180 4054 in
1203 3993 1409 4076 disquirendis

266 4096 359 4160 rebus
383 4104 414 4158 et
438 4094 635 4160 removendis
659 4093 901 4176 difficultatibus,
931 4109 1012 4174 quae
1035 4095 1147 4158 dudum
1172 4104 1277 4179 patent
1299 4106 1331 4164 et
1351 4089 1408 4164 re:

266 4207 368 4264 motae
392 4208 470 4264 sunt
509 4198 590 4262 Talis
615 4207 663 4263 est
686 4199 898 4262 controversia
921 4197 981 4280 illa,
1005 4215 1085 4278 quae
1100 4199 1222 4263 muitum
1238 4207 1408 4288 occupabat

268 4317 549 4334 nummu-⁸¹⁸*

314 4423 319 4434 ,
342 4370 367 4444 1)
386 4367 427 4427 Cf.
447 4371 491 4426 die
507 4365 677 4432 ,Gesehiohte
696 4363 789 4432 Tobi’s
807 4363 878 4432 uach
897 4366 916 4420 3
932 4365 1149 4430 rersebiedauau
1166 4367 1329 4440 Originalau
1345 4367 1408 4432 dem

268 4460 467 4520 Grieohisoban
479 4501 486 4526 ‚
497 4459 574 4522 idem,
586 4453 782 4514 Lateinisoben
801 4453 849 4508 das
868 4451 1130 4526 Hieronymusuud
1149 4460 1239 4516 sinam
1257 4458 1406 4532 Syriaobeu
1425 4489 1429 4496 ·

267 4553 408 4612 iibersetzt
431 4550 487 4605 und
511 4549 560 4604 mit
586 4545 800 4614 Anmerlrungen
826 4545 1020 4614 exegetisoben
1045 4547 1102 4603 und
1126 4547 1276 4607 indumen
1293 4548 1407 4618 hints.

268 4640 337 4696 auch
366 4639 443 4693 einer
461 4637 620 4706 Einleitung
645 4627 779 4689 versellan
798 4651 852 4688 ron
874 4637 937 4689 Cart
954 4637 1039 4690 David
1054 4639 1132 4709 Itym.
1175 4635 1344 4698 Ienalddd.
1359 4643 1407 4704 ,8.

272 4726 432 4787 CCLXVIH
450 4723 619 4784 11ηᾶ2685.
932 4781 943 4787 ,,
1141 4774 1154 4788 ,-
1203 4757 1224 4788 ,ι
1247 4755 1286 4788 ,ια
1308 4775 1325 4810 a*
