3567 5675
711 546 929 615 ...qe-

416 722 479 787 Sed
500 720 637 785 buttes
659 724 773 801 querite
794 716 961 784 sedulitate
982 717 1097 781 domm
1209 726 1214 769 1

348 826 419 890 Nou
441 825 497 890 tibi
520 824 592 906 quid
616 822 753 905 debitur,
776 820 834 888 sed
857 838 931 903 eur,
953 820 1110 903 iuteibqer
1132 821 1200 886 soie
1328 861 1332 869 -

236 928 305 993 760
418 929 490 995 Solo
511 928 677 993 voluntatis
699 924 798 992 iorum
820 931 958 989 roouetot
979 940 1067 1006 opus.

352 1034 511 1116 Obsequio
533 1032 695 1097 refovetur
716 1048 820 1117 emor,
851 1031 922 1111 quie
944 1049 1039 1096 verus
1061 1032 1180 1098 emieus

416 1137 522 1201 Dentis
546 1137 578 1199 iu
600 1136 727 1218 affeetu,
759 1151 822 1197 nou
843 1133 988 1217 datione,
1017 1142 1111 1216 petet

349 1241 584 1324 Nonnumquam
605 1240 681 1323 fuge
706 1238 790 1321 quod
813 1238 949 1304 debitur:
979 1240 1140 1323 susceptio
1161 1240 1235 1308 uooi

415 1347 540 1411 Arbitrii
562 1345 668 1412 vendit
688 1344 842 1411 liberioris
865 1360 954 1427 opes.
1203 1347 1205 1350 ’

242 1450 305 1515 765
351 1450 452 1533 Saepe
474 1450 599 1533 repulso
621 1451 722 1533 iuret,
752 1457 847 1518 uooet
868 1452 1052 1533 impretere:
1080 1450 1204 1533 repuim
1316 1511 1321 1519 .

413 1557 538 1622 Liberat
560 1556 733 1639 arbitrium,
761 1576 889 1622 mouere
911 1557 1159 1639 sumptoiiqeut

350 1662 502 1729 Veuditur
523 1662 696 1745 arbitrium,
727 1662 798 1727 dum
819 1664 933 1727 vivitur
954 1682 996 1727 eu
1017 1662 1120 1725 eiieoo

416 1765 559 1849 Sumptu:
588 1784 670 1849 poue
692 1775 747 1831 tuo
769 1784 921 1850 vescere,
950 1766 1032 1829 iiber
1051 1767 1137 1830 erit:

351 1869 383 1936 Si
405 1870 495 1937 loeus
518 1880 583 1955 est,
604 1872 785 1954 plerumque
809 1873 914 1936 dotium
934 1890 999 1937 uoo
1018 1890 1152 1954 respue:
1183 1872 1295 1955 quippe
1454 1952 1458 1962 1

240 1973 306 2039 770
418 1975 451 2041 Si
472 1976 553 2059 fugis
578 1976 713 2041 oblotum
732 1978 917 2041 retribuisse
939 1994 1049 2059 meque.
1356 1961 1359 1967 ’

350 2080 448 2143 Douis
473 2080 555 2147 douo
578 2080 669 2149 detor
690 2082 744 2163 qui
763 2083 880 2165 uomit,
908 2081 1063 2145 adulteret
1089 2081 1187 2143 iostor

415 2185 583 2268 Foeuoris,
613 2192 666 2251 out
687 2186 824 2268 speeiem
845 2185 1156 2251 venditionisbebet

350 2291 396 2355 De
420 2292 500 2373 cito,
531 2290 571 2355 de
591 2292 688 2373 gratis
711 2292 848 2375 gratum,
880 2310 922 2355 ue
944 2292 1043 2375 quotie
1064 2291 1117 2355 fiet

415 2395 558 2460 Venalis:
589 2403 680 2479 quoto
703 2414 832 2461 munere
852 2404 961 2477 gmtue
983 2397 1056 2461 eris.

244 2498 308 2561 775
352 2500 500 2584 Deuiqrot
522 2503 664 2567 morituro
687 2501 789 2567 omos
810 2520 913 2567 more:
945 2501 1004 2566 sed
1026 2500 1098 2565 doto
1120 2499 1229 2581 ruptim

415 2605 543 2669 Munera
564 2604 633 2687 pius
656 2604 756 2671 leodis
778 2605 911 2687 plusque
932 2604 1050 2668 iovoris
1072 2603 1195 2667 babent.

349 2710 472 2775 Grotius
495 2715 545 2772 est
566 2709 749 2791 iamiamque
772 2709 893 2792 dotum,
924 2709 1086 2790 meritique
1106 2723 1245 2770 ooveroe
1271 2745 1276 2762 ι

413 2813 494 2880 Esse
517 2812 599 2882 solet
622 2814 721 2882 dentis
745 2814 904 2883 desidioso
928 2832 1046 2880 meone.
1153 2814 1156 2821 '

263 2933 268 2944 ·
351 2917 403 2984 Sio
425 2918 481 2983 des
505 2937 563 3001 pro
584 2920 711 2986 modulo
735 2939 865 3003 cousus,
897 2939 941 2983 ue
961 2919 1092 3003 prodige
1114 2916 1206 2982 doridi
1375 2934 1379 2943 ’

242 3021 309 3088 786
415 3024 519 3088 Virtus
542 3026 573 3088 in
595 3026 702 3090 vitium
724 3024 903 3090 conserite
923 3031 1004 3090 ruet.

350 3127 572 3213 bergusium,
601 3128 678 3194 dous
702 3129 794 3212 dique
817 3128 898 3194 dori:
928 3129 1005 3192 deos
1029 3127 1121 3211 signa
1143 3126 1252 3190 tenui

413 3233 581 3318 Prodigus:
611 3245 644 3301 ut
667 3229 900 3320 comitemur,
930 3237 1043 3300 uooivo
1066 3255 1151 3300 cere.

211 3351 213 3358 ·
298 3375 301 3382 -
347 3337 567 3424 irremotis,
599 3342 737 3406 retinetis
761 3339 1210 3424 queeeeosetdignoteoeri
1272 3384 1276 3392 .

313 3558 368 3614 758
387 3575 402 3612 e
421 3568 521 3632 quinte
539 3561 575 3616 Po
656 3575 686 3614 ee
704 3561 836 3632 quantu
906 3559 1055 3615 seduiitme
1073 3561 1182 3615 subeor.
1201 3554 1338 3614 mute
1361 3558 1396 3613 W

239 3646 294 3701 759
313 3647 380 3721 quid
400 3649 513 3704 deturo
575 3703 578 3711 ,
615 3650 668 3708 760
687 3649 813 3716 roluqtee
831 3649 885 3707 ior.
904 3653 1059 3709 moventi?
1110 3653 1246 3708 mereatu
1338 3650 1390 3704 761

238 3749 389 3796 renovatur
408 3743 525 3794 amorP
629 3740 725 3814 obseq.
744 3738 888 3812 reparoiut²
918 3738 941 3814 (7
968 3739 1081 3797 verbum
1105 3749 1149 3794 ost
1172 3737 1245 3813 quod
1264 3739 1392 3814 equidem

236 3829 334 3898 legem
352 3845 410 3884 non
429 3828 517 3904 soleo)
541 3831 575 3885 W
622 3847 704 3887 verus
724 3847 800 3886 emor
817 3833 843 3885 F
1002 3833 1055 3887 763
1073 3845 1219 3904 numquam
1237 3824 1348 3883 -·d'ni
1365 3828 1394 3879 F

237 3919 424 3989 suspectio?
476 3917 547 3975 douo
568 3920 594 3972 G
683 3922 737 3976 764
754 3921 904 3976 vendet-V
981 3921 1034 3976 766
1053 3921 1173 3976 iuranti
1228 3917 1393 3992 impetret}

237 4007 385 4078 inpetrat«
409 4011 434 4062 t'
484 4009 650 4081 imperaret
710 4007 787 4064 inter
804 4011 857 4065 769
877 4018 907 4063 et
924 4010 991 4063 770:
1021 4011 1056 4064 st.
1075 4024 1159 4082 saepe
1179 4011 1290 4081 repulsa
1308 3999 1395 4064 nocet

239 4111 354 4150 munere
374 4106 453 4169 eapte
472 4099 562 4183 iiuuut
578 4101 598 4152 2
615 4115 651 4152 m.
669 4099 716 4149 W
770 4101 837 4154 Ι767
854 4097 954 4154 vivitur
972 4099 1036 4154 dum
1056 4091 1118 4154 ex'l
1186 4101 1240 4154 769
1259 4101 1295 4155 sit
1312 4101 1390 4154 toene

242 4189 411 4258 “tuberum
430 4190 485 4244 dot.
505 4191 533 4242 F
584 4189 786 4261 plurimumque
805 4189 834 4240 G
888 4187 996 4261 respice
1015 4193 1040 4245 P
1130 4192 1183 4245 770
1202 4191 1250 4264 qu'i
1267 4189 1338 4260 fugit
1355 4219 1390 4229 -

240 4282 354 4348 negati
406 4279 605 4335 retribueret?
718 4279 769 4334 771
789 4278 922 4350 possiti?
1038 4279 1092 4334 773
1110 4289 1216 4350 gratum
1235 4279 1319 4351 gretie
1335 4279 1391 4332 rto

237 4367 477 4424 tristitiom
509 4367 553 4434 G,·
577 4377 642 4438 poet
661 4369 714 4423 777
733 4378 762 4423 et
779 4367 833 4423 776
853 4368 991 4422 ooliooeut
1008 4370 1034 4422 to
1192 4368 1245 4424 775
1264 4368 1390 4439 ficteque

233 4443 339 4530 repom
365 4460 399 4513 Vo
536 4457 590 4511 776
610 4458 711 4518 valoris
729 4461 755 4511 11
807 4458 951 4512 decoris!
1081 4450 1390 4529 777711017777777777---ι

232 4548 380 4620 nonoque
397 4549 423 4600 r
473 4531 527 4601 777
545 4555 577 4601 οι
592 4547 646 4602 ors
664 4557 772 4620 ponem
789 4555 852 4602 ente
869 4547 923 4602 777
943 4547 1036 4602 erere
1054 4547 1113 4602 777
1179 4548 1232 4603 rso
1250 4547 1392 4618 procuro·

232 4656 311 4712 pero.
332 4637 405 4693 eiei
460 4636 539 4706 digne
557 4637 685 4708 praeberi
709 4639 743 4692 W
828 4634 897 4691 Post
917 4637 972 4692 rot
987 4657 1003 4690 o
1023 4637 1122 4691 inserit
1137 4635 1212 4690 boue
1227 4651 1338 4691 versum

418 4725 505 4782 Veoet
522 4744 571 4800 pro
591 4728 701 4838 ruminio
720 4744 838 4837 oengus,
868 4745 904 4782 ue
923 4727 1037 4842 {rodigo
1056 4727 1138 4782 dandi

1165 4823 1186 4888 4
