3567 5675
747 518 967 589 -18-

279 790 414 865 'nu'
420 790 567 868 Uitulus
586 685 1039 871 llllll’lllNleszmlldlvdlldO
1067 797 1125 872 ltu
1149 798 1367 875 suus1utts
1479 807 1481 814 '

749 916 948 993 cultrum.
1238 937 1241 944 ·

370 1061 501 1127 Pauca
488 1082 551 1147 Jam
574 1073 691 1153 restant
712 1067 865 1133 monenda
889 1068 961 1131 milri
983 1066 1022 1130 de
1045 1060 1104 1131 hae
1126 1085 1207 1131 nova
1223 1088 1291 1133 mea
1309 1059 1424 1135 Tobiae
1496 1091 1500 1099 ·

281 1166 429 1233 editione.
478 1170 527 1233 Nil
557 1173 615 1235 nisi
646 1173 780 1235 criticam
808 1172 973 1237 editionem
995 1191 1105 1255 parare
1127 1165 1226 1235 volui:
1234 1183 1424 1262 propterea

280 1270 321 1337 ab
344 1274 590 1340 annotationibus
613 1286 645 1340 et
666 1279 743 1343 locis
768 1278 889 1341 aliunde
914 1279 1013 1342 citatis
1037 1278 1160 1343 omnino
1184 1276 1330 1361 abstinul5
1364 1300 1422 1343 su-

278 1396 507 1459 pervacaneum
530 1384 650 1467 putavi,
683 1382 819 1445 rationes
852 1400 1010 1464 exponere
1035 1400 1114 1465 quae
1136 1389 1169 1444 ut
1198 1383 1277 1446 hane
1307 1383 1422 1447 leotio-

278 1498 353 1548 nem
383 1486 554 1567 reciperem
583 1488 615 1548 in
641 1494 772 1569 textum,
815 1485 896 1548 illam
925 1488 1104 1570 rejicerem,
1145 1505 1193 1551 me
1224 1486 1423 1570 adduxerint,

226 1667 231 1682 Ι
277 1604 373 1680 unum
395 1588 469 1653 illud
489 1591 563 1656 milri
584 1595 749 1675 proposui,
784 1599 818 1665 ut
848 1599 962 1675 poetae
983 1591 1126 1654 versibus
1154 1590 1312 1672 pristinam
1335 1578 1422 1656 suam

279 1697 311 1755 et
332 1696 497 1787 genuinam
519 1696 648 1759 formam
676 1686 841 1769 redderem
857 1697 1056 1783 nitoremque
1080 1714 1140 1776 quo
1164 1714 1220 1759 eos
1243 1705 1421 1778 ornaverat;

278 1804 312 1859 ut
333 1817 499 1882 purgarem
521 1821 538 1865 a
559 1804 623 1871 situ
642 1809 674 1865 et
696 1801 841 1885 squalore
864 1809 983 1883 septem
1004 1799 1071 1863 lere
1091 1796 1297 1885 saeculorum,
1319 1781 1420 1866 riam-

274 1917 342 1995 ,que
364 1888 516 1969 struerem
538 1906 594 1991 iis,
627 1907 735 1989 quibus
758 1908 822 1970 ista
851 1914 990 2008 tempora
1019 1906 1093 1969 lieet
1119 1907 1252 1971 obseura
1276 1900 1351 1990 sint',
1379 1917 1418 1991 et,

277 2007 436 2085 quasiste
457 2010 591 2095 tulerint,
614 2010 732 2079 fruetus
757 2011 843 2083 oordi
866 2002 946 2074 sunt
990 2010 1029 2073 Et
1044 2018 1229 2076 sunttamen
1252 2004 1344 2093 aliqui
1369 2015 1420 2094 qui

273 2120 383 2179 nostra
406 2121 506 2181 aetate
529 2134 570 2181 ex
590 2109 711 2178 illorum
733 2104 928 2185 saeculorum
958 2114 1115 2178 literatura
1146 2110 1283 2199 delitias,
1316 2134 1418 2196 neque

274 2235 332 2283 eas
356 2237 483 2305 parvus,
516 2220 703 2307 percipiunt!
868 2286 871 2293 ,
1079 2290 1083 2296 ,

362 2322 513 2391 Subsidiis
535 2326 650 2391 oritiois
673 2342 748 2393 usus
772 2342 839 2388 sum
859 2322 922 2388 his:
1046 2415 1050 2419 Α

703 2482 740 2548 Α.
787 2478 895 2545 (lodd-
908 2475 982 2545 Mss.
1112 2495 1116 2504 ’

359 2586 385 2675 Ἰ.
429 2592 641 2685 liopmeotum
664 2606 898 2667 Gotlranum:
922 2601 955 2665 ll.
1003 2600 1183 2691 Descripsit
1203 2602 1285 2665 huno
1307 2601 1415 2665 librum

134 2718 135 2747 t
270 2702 476 2771 utacots
467 2720 498 2771 m
520 2709 598 2773 libro
621 2700 695 2773 suo:
747 2704 890 2791 Beitdtg'e
913 2723 969 2770 zur
991 2706 1088 2769 tltem
1109 2700 1262 2770 literatur
1284 2708 1342 2772 eto.
1365 2709 1414 2772 lll

275 2802 324 2874 l.
321 2821 363 2894 p.
359 2799 430 2876 16.
454 2805 496 2875 22
518 2802 647 2897 Bldtter3
670 2806 721 2876 28
735 2810 839 2877 Zeilen
862 2807 918 2875 aul
937 2805 1130 2875 schwarzan
1139 2811 1270 2875 Lintea.
1302 2812 1415 2878 Sohrilt

134 2937 135 2948 ¹
270 2929 331 2980 aus
354 2917 424 2980 dem
445 2916 588 3002 Aniange
610 2918 667 2982 des
696 2917 744 2981 ll.
768 2913 875 2982 Jahrh
920 2915 1132 2980 Uebersolrrilt
1153 2930 1211 2979 are
1234 2917 1327 2980 marla
1351 2918 1415 2980 und

272 3034 337 3084 von
357 3025 500 3103 spiterer
522 3013 623 3086 Hand:
647 3021 787 3086 llatheus
808 3019 1059 3084 vindocinensis.
1100 3020 1233 3084 Glossen
1255 3020 1414 3084 zwisclren
1493 3082 1495 3085 .

274 3126 335 3188 den
366 3125 487 3206 Zeilen3
518 3125 567 3189 die
597 3125 673 3189 aber
702 3123 757 3189 aul
784 3125 843 3188 den
872 3123 987 3186 letutelt
1020 3123 1155 3186 Blltte'rn
1187 3121 1300 3186 felrlen.
1356 3123 1414 3188 Dia

134 3225 135 3276 t
270 3223 403 3294 lldsolrr.
427 3228 528 3294 brioht
560 3223 734 3336 ohngeltthr
760 3231 791 3294 in
818 3229 874 3336 der
894 3225 980 3292 llitte
1012 3226 1051 3292 alr
1073 3228 1127 3291 mit
1147 3227 1209 3355 den
1231 3228 1350 3293 Versen
1373 3227 1412 3312 (ι

134 3341 135 3380 ι
273 3329 358 3396 1327
381 3341 413 3399 et
436 3329 545 3424 resep:
645 3330 648 3338 ’

423 3437 461 3503 Ut
483 3439 606 3503 valeant
629 3413 742 3503 offerre
762 3456 873 3522 preces
898 3436 1079 3519 holocausta
1102 3435 1192 3498 lateri

422 3541 466 3607 'le
489 3540 642 3606 dominum
665 3543 772 3607 laudes
797 3541 1018 3606 concelebrare
1037 3547 1117 3604 tuas
1140 3570 1182 3584 -·
1398 3572 1402 3578 ·

340 3629 438 3712 ruht
460 3643 561 3710 habeo
585 3645 668 3728 quod
691 3646 817 3731 addam,
839 3645 897 3711 nisi
920 3646 1005 3727 qnod
1021 3642 1119 3707 lromo
1142 3643 1267 3725 leguas
1287 3638 1412 3703 Ladona

155 3737 157 3741 ⁸
273 3767 401 3836 prorsus
432 3749 557 3834 lgnams
579 3751 670 3814 -lmno
696 3748 805 3814 librum
837 3751 1002 3834 scripsisse
1029 3748 1168 3829 videtur,
1194 3746 1247 3808 ld·
1265 3736 1349 3826 quod
1372 3761 1412 3806 ex

273 3853 334 3921 Vl.
355 3855 412 3920 lsL.
434 3855 510 3920 meis
532 3861 632 3938 patet3
663 3853 729 3920 sed·
751 3852 824 3918 ll‘oet
838 3853 907 3920 'sint
927 3870 1023 3937 saepe
1046 3851 1280 3932 absurdissima,
1311 3848 1411 3916 omnis

271 3967 374 4034 tamen
397 3965 526 4023 enotare
549 3957 667 4041 studui,
698 3973 737 4021 ne
765 3959 984 4023 incuriositatis
1004 3957 1188 4043 ‘vituperium
1210 3955 1409 4016 incurrerem

357 4065 391 4128 ll.
437 4065 510 4128 Cod.
534 4062 688 4127 Gotltaaus
709 4065 828 4146 intepet·
850 4089 890 4118 =
914 4066 955 4147 0,
985 4054 1324 4142 reportaremur.
1368 4053 1408 4121 51

275 4167 316 4232 Bl.
346 4167 402 4233 auf
429 4166 524 4231 deren
543 4163 676 4230 ‘letztem
708 4183 767 4230 nur
798 4167 819 4230 6
840 4169 946 4232 Zellen
968 4167 1080 4231 stelren
1101 4153 1143 4210 4-
1160 4161 1207 4227 -22
1230 4161 1334 4223 Zeilen
1359 4158 1414 4222 aul

275 4271 453 4338 schwarzer'r
483 4269 619 4335 Linien.'
651 4268 774 4336 solone
797 4271 910 4337 schrift
938 4271 994 4336 des
1020 4267 1069 4333 14.
1092 4268 1205 4332 truta:
1231 4265 1322 4328 rotlre
1343 4264 1410 4326 Un-

274 4379 370 4441 aialen
394 4379 434 4440 im
455 4376 598 4459 Aulange
621 4375 678 4439 der
691 4375 888 4458 Absohnltte3
913 4375 963 4440 me
986 4381 1091 4438 ersten
1103 4371 1298 4436 Buolrstabeu
1316 4368 1409 4450 jedes

134 4479 136 4492 '
272 4476 388 4547 Verses
413 4479 482 4544 rotlr
505 4477 748 4545 durchstriolren.
793 4479 856 4544 Fol.
879 4482 900 4545 l.
923 4481 969 4545 als
990 4475 1202 4542 tteumsoarstt
1224 4473 1326 4536 Timor
1346 4475 1408 4539 do.

273 4585 342 4648 mini
363 4585 542 4668 principium
566 4584 763 4664 sapientiae.'’
786 4617 827 4631 -

358 4687 402 4752 Cf.
425 4688 460 4753 V.
482 4690 514 4753 L.
537 4688 577 4752 ud
597 4705 627 4750 ι.
649 4683 744 4752 2226.
767 4719 809 4735 -·-
