3567 5675
842 546 1036 611 ..8.-

373 718 558 783 lleinesium'
572 728 603 784 at
623 720 798 804 Daumium,
821 721 941 785 scilicet
963 736 1024 800 quo
1049 726 1188 799 tempore
1210 717 1319 780 vixerit
1340 714 1511 779 Matthaeus

374 828 497 905 noster,
534 839 624 904 quem
653 823 704 885 alii
734 832 915 905 putaverant
936 822 1033 887 fuisse
1055 820 1196 885 abbatem
1218 820 1257 885 S.
1271 819 1426 902 Dionysii,
1460 817 1512 900 qui

375 934 512 991 mortuus
529 934 577 991 est
600 944 680 990 anno
706 923 833 1014 12861)
849 927 1119 1010 supervacaneum
1135 926 1225 988 ctiam
1241 924 1353 1007 putaui,
1376 924 1513 1007 allegare

374 1032 405 1094 in
426 1032 506 1095 notis
529 1032 701 1115 beyseros,
724 1031 855 1128 (lancos,
879 1032 1033 1116 0udinos,
1051 1033 1207 1096 Fabricios
1230 1038 1261 1094 ct
1283 1030 1426 1112 quisunt
1448 1031 1512 1111 alii,

376 1137 503 1221 credas,
534 1156 584 1201 me
616 1155 724 1203 omnes
754 1136 814 1203 hos
835 1140 1020 1222 inspexisse.
1072 1138 1169 1222 igitur
1186 1133 1237 1199 hic
1259 1154 1296 1200 ea
1319 1135 1511 1201 solummodo

375 1241 527 1325 subiungo
551 1261 648 1326 quae,
672 1242 744 1307 licet
766 1262 921 1326 perpauca
944 1245 1022 1326 sint,
1050 1260 1107 1326 pro
1130 1242 1223 1305 certis
1244 1240 1352 1303 haberi
1373 1248 1512 1322 possunt

459 1345 631 1410 Matthaeus
654 1347 747 1429 igitur
768 1355 857 1412 natus
881 1346 1101 1411 estVindocini
1124 1343 1408 1430 (hodiellcnddme)
1431 1346 1512 1410 unde
1539 1347 1543 1357 ‘

375 1468 415 1513 ex
437 1468 523 1516 more
545 1449 665 1513 illorum
687 1458 856 1535 temporum
878 1453 971 1516 traxit
994 1468 1169 1537 cognomen
1191 1468 1287 1515 suum.
1340 1448 1514 1523 Scholiasta

374 1557 412 1621 ad
436 1577 465 1620 v.
488 1552 573 1619 2143
596 1573 682 1639 seqq.
712 1565 816 1621 uamat
845 1557 941 1622 literis
975 1575 1045 1621 eum
1067 1552 1224 1621 studuisse
1245 1552 1368 1617 Parisiis
1390 1561 1422 1617 et
1443 1545 1513 1619 Ari-

373 1660 497 1725 reliauie
513 1660 546 1747 δ).
597 1660 685 1726 Patre
707 1663 765 1727 sibi
787 1661 939 1747 noudum,
961 1670 995 1726 ut
1016 1660 1138 1727 videtur
1159 1659 1283 1743 adulto,
1305 1678 1363 1743 per
1384 1669 1513 1725 mortem

374 1773 500 1849 erepto,
525 1748 702 1829 ‘avunculus
732 1766 854 1831 Turone
888 1766 1028 1831 habitans
1056 1766 1156 1851 ipsum
1193 1763 1232 1828 ad
1261 1758 1302 1829 'se
1335 1766 1454 1849 recepit
1483 1773 1515 1829 ct

375 1869 526 1955 educavit,
549 1872 636 1937 cuius
658 1873 708 1953 pie
723 1874 899 1938 memoriam
910 1880 1118 1967 prosequutus
1134 1879 1182 1935 cst
1203 1887 1303 1935 uerss.
1319 1867 1403 1934 2146
1425 1890 1514 1957 seqq.

374 1976 495 2042 Accidit
530 1984 564 2040 ut
601 1995 682 2041 anuo
713 1978 897 2045 MCLXXlV.
934 1979 1187 2046 Bartholomaeus
1226 1976 1278 2042 ille
1318 1979 1367 2041 cui
1403 1973 1516 2040 dicavit
1577 1961 1583 1973 ⁸
1663 1937 1664 1950 ἵ

374 2082 500 2145 'lobiam
523 2082 628 2149 blattb.
651 2082 913 2169 acchiepiscopus
936 2083 1123 2149 Turonensis
1146 2082 1309 2150 Ecclesiae
1338 2083 1514 2167 eligeretur.

376 2186 434 2262 Oui
447 2186 699 2254 Bartholomaeus
722 2206 763 2253 ex
784 2188 879 2255 nobili
895 2207 1014 2274 genere
1039 2186 1186 2257 oriundus
1210 2194 1277 2251 erat
1299 2185 1336 2273 (v.
1356 2184 1405 2274 13)
1427 2196 1515 2270 patre

376 2290 514 2357 Gotirido
556 2292 668 2355 comite
700 2292 930 2377 Grisagonella,
971 2299 1068 2359 matre
1099 2288 1245 2355 blathildc
1285 2289 1514 2367 Castridunaea.

374 2395 602 2461 Bartholomaei
624 2396 807 2462 avunculum
821 2396 862 2483 4),
884 2396 1109 2481 ingelbaldum
1131 2396 1197 2461 sive
1218 2393 1440 2476 Engelbaldum
1464 2393 1517 2475 qui

375 2500 505 2567 eandem
535 2500 641 2565 sedem
663 2501 806 2583 Archiep.
835 2503 948 2567 Turon.
972 2509 1180 2584 occupaverat
1207 2518 1306 2585 usque
1336 2500 1375 2564 ad
1405 2516 1516 2562 annum

377 2602 478 2688 1157,
508 2622 569 2686 quo
599 2613 747 2685 mortuus,
767 2613 831 2690 ost,
861 2614 986 2671 secutus
1018 2613 1065 2670 est
1093 2606 1124 2667 iu
1153 2622 1190 2668 ea
1214 2603 1360 2686 dignitate
1382 2602 1516 2668 lodocus

375 2707 442 2777 sive
464 2702 599 2791 luscius,
629 2708 722 2793 Brito,
753 2709 826 2795 licet
847 2710 877 2777 in
900 2711 998 2791 ipsum
1020 2708 1289 2773 Bartholomaeum
1306 2706 1516 2788 Engelbaldus

377 2813 448 2877 dum
479 2819 564 2877 esset
592 2814 623 2880 in
650 2812 747 2897 vivis,
778 2814 934 2882 secundas
962 2821 1036 2898 post
1053 2831 1099 2885 ‚sa
1127 2812 1159 2882 iu
1182 2810 1320 2894 cerritulo
1344 2797 1514 2879 detulisset.

377 2918 448 2984 Sine
480 2917 571 2981 dubio
595 2918 701 3000 junior
729 2919 781 2982 illo
809 2929 949 3003 tempore
982 2919 1038 2983 luit
1066 2917 1199 2982 Barthol.
1234 2936 1324 2999 quam
1356 2918 1407 2999 qui
1435 2917 1517 2981 illam

375 3024 553 3107 dignitatem
575 3021 704 3104 adipisci
724 3034 849 3106 posset:
879 3044 950 3090 nam
970 3025 1105 3090 electum
1124 3023 1249 3088 undem
1273 3020 1312 3088 17
1335 3023 1423 3088 annis
1445 3031 1518 3105 post

378 3129 541 3211 „juvenem
563 3133 740 3193 strennum
775 3129 887 3213 apellat
909 3131 989 3195 leun
1009 3130 1115 3212 llcan,
1144 3127 1286 3193 laudabas
1308 3126 1346 3194 ab
1368 3126 1405 3192 11.
1420 3126 1454 3192 1..
1477 3127 1518 3196 dc

375 3231 423 3298 Fr.
448 3229 565 3313 11123.
588 3237 651 3294 not.
670 3229 696 3295 1.
720 3265 762 3283 -·
804 3233 1061 3298 Bartholomaeus
1082 3232 1134 3296 hic
1154 3239 1187 3298 et
1206 3231 1302 3296 irater
1325 3247 1416 3313 suus,
1448 3230 1518 3294 Be«

377 3321 479 3400 canus
497 3335 563 3402 sive
587 3333 808 3405 Thesaurarius
832 3331 1097 3422 (1113111147)
1120 3335 1340 3418 compatriotae
1362 3333 1518 3417 1111111111,

377 3438 497 3506 scilicet
532 3438 591 3520 ipsi
622 3439 793 3507 Vindooiuo
834 3441 955 3508 oriundi
984 3438 1076 3527 (ibid.)
1106 3440 1257 3507 dederunt
1286 3439 1315 3509 ci
1348 3444 1383 3503 ut
1411 3439 1519 3504 vivere

376 3550 486 3628 posset
504 3541 676 3626 tranquille,
698 3544 771 3610 licet
792 3563 855 3616 non
877 3546 940 3612 altu
964 3547 996 3611 iu
1019 3546 1090 3612 loco
1108 3551 1267 3628 ponerent
1313 3545 1401 3624 Quae
1415 3550 1519 3609 tamma

377 3646 471 3713 fuerit
491 3647 627 3710 conditio
650 3647 731 3714 vitae
746 3648 902 3731 Matthaei,
925 3651 1090 3732 rescimus,
1112 3649 1172 3716 nisi
1195 3648 1276 3716 torte
1298 3666 1339 3716 er
1359 3650 1445 3718 tum
1467 3652 1520 3732 qui

378 3754 436 3821 sub
459 3754 526 3820 eius
549 3753 673 3819 nomlna
696 3760 820 3820 exstare
842 3754 1001 3837 dicuntur,
1024 3755 1173 3838 colligare
1194 3756 1261 3838 vis,
1283 3756 1519 3824 Grammaticum

377 3859 444 3925 sivo
466 3856 643 3940 magistrum
664 3858 840 3926 scholarum
862 3874 932 3924 eum
954 3859 1060 3926 tuisse.
1113 3859 1228 3935 onibus
1257 3860 1430 3929 fautoribus
1452 3866 1519 3930 suis

376 3969 412 4028 ut
423 3967 543 4044 gratum
563 3977 650 4026 suum
667 3961 796 4028 animum
815 3961 937 4044 publico
951 3969 1126 4047 testaretur,
1148 3964 1210 4029 hoc
1227 3983 1337 4048 poema
1353 3968 1519 4052 inscripsit,

379 4067 429 4132 cui
452 4065 519 4150 soli,
543 4083 603 4147 quo
627 4065 741 4150 lemur,
764 4083 877 4134 nomen
901 4067 1003 4134 debet

448 4272 476 4347 2)
502 4268 544 4326 Cf.
571 4269 693 4326 Thomae
724 4268 847 4326 Rciuesii
871 4269 1015 4344 Epistolae
1046 4271 1081 4327 ad
1106 4269 1205 4327 Christ.
1232 4271 1379 4328 Danuuium
1408 4274 1453 4330 ed.
1476 4274 1520 4332 Jo.

377 4360 583 4420 AntinBosius.
620 4358 795 4416 1111111676.
832 4359 965 4434 vitella.
985 4363 1029 4418 61.
1049 4363 1093 4418 63.
1112 4363 1156 4417 67.
1176 4361 1220 4418 68.
1236 4363 1281 4417 71.
1299 4363 1344 4416 71.
1363 4364 1409 4419 76.
1429 4365 1519 4421 85.-

448 4451 475 4527 3)
494 4449 549 4504 lste
568 4448 698 4519 magister
715 4447 856 4505 studuerat
869 4449 982 4507 Parisiis
1001 4459 1029 4505 ct
1045 4448 1217 4506 Aurelianiaz
1236 4451 1300 4505 ideo
1318 4451 1429 4507 volebat
1445 4452 1521 4525 quod

379 4545 450 4600 liber
468 4556 534 4598 anua
549 4540 578 4594 in
595 4538 744 4611 praedictis
763 4541 917 4598 civitatibus
943 4543 1082 4615 legeretur
1099 4549 1152 4597 etc.
1170 4571 1206 4582 -
1252 4538 1296 4596 bc
1314 4539 1463 4596 scholiasta
1482 4541 1521 4596 11.

380 4633 450 4689 infra
469 4629 535 4704 Cap.
548 4629 595 4685 lv.
614 4626 647 4683 B.
661 4629 684 4682 1.

452 4717 648 4796 QOEuQ
