3567 5675
844 552 1062 620 ..12-

297 696 300 703 ⁴
380 722 437 790 hus
452 712 533 809 'ipse
562 727 677 790 diserte
707 728 766 810 ait,
797 745 832 792 se
861 722 1037 811 respicere
1054 723 1093 788 ad
1123 719 1319 786 Salomonem
1347 701 1400 780 vel
1427 715 1518 781 alium

352 832 532 911 ,ιιιιιιιιιιιιιι
565 832 674 902 tiorum
696 831 800 916 §.s
828 831 1039 905 annotaverim
1066 826 1150 900 moe
1169 823 1294 907 peiior'ii
1313 822 1388 907 ἰειιιι
1416 827 1519 885 tamen

340 982 343 991 .
381 953 443 998 non
469 936 590 999 difficile
614 944 662 999 est
685 936 723 1000 ad
747 933 1000 1020 cognoscendum
1032 932 1141 1017 quibus
1165 928 1324 991 autoribus
1347 926 1519 998 sententiae

379 1040 458 1104 istae
472 1042 622 1124 originem
647 1058 734 1104 suam
753 1041 901 1121 ιιιιιιιιιι;
925 1057 1052 1122 quarum
1073 1034 1189 1098 fontem
1211 1037 1376 1114 propterca
1399 1029 1520 1129 solum·
1545 1045 1550 1055 ·
1665 1055 1666 1062 ι

380 1144 473 1207 modo
495 1144 632 1208 indicare
654 1144 738 1209 nolui
761 1163 801 1207 ne
824 1146 980 1210 turbarem
1002 1141 1140 1206 ordinem
1162 1138 1249 1201 Varr
1272 1137 1385 1216 Lectt.;
1416 1118 1520 1219 neque

380 1265 456 1311 vcro
480 1249 571 1312 etiam
593 1248 731 1313 scribere
755 1256 822 1311 erat
843 1250 874 1310 in
907 1249 1006 1313 animo
1037 1238 1303 1328 commentarium,
1335 1258 1438 1323 neque
1467 1239 1521 1303 tali

381 1371 458 1437 opus
482 1361 539 1418 est.
585 1352 647 1417 Sed
670 1353 733 1415 noli
754 1353 816 1416 hoc
839 1352 918 1417 adeo
942 1354 1090 1435 imputare
1110 1346 1284 1427 Matthaeo;
1306 1363 1369 1408 non
1391 1362 1519 1429 paucos,

380 1475 499 1541 eosque
528 1456 673 1521 meliores
697 1464 811 1526 ‚nostro
834 1465 945 1539 poeta,
979 1454 1108 1519 dixerim
1139 1453 1269 1537 optimos
1292 1456 1402 1535 poetas
1426 1450 1520 1514 Chri-

380 1564 497 1627 stianos
520 1561 602 1624 idem
624 1560 757 1647 iecisse,
782 1563 849 1645 quis
872 1560 997 1625 nescit?
1041 1559 1073 1625 Si
1095 1556 1167 1641 quid
1189 1557 1345 1642 proprium
1368 1562 1417 1620 est
1436 1553 1519 1619 hiat-

379 1666 471 1731 thaeo
493 1666 524 1731 in
548 1666 682 1751 parmine
705 1683 777 1747 suo,
807 1674 879 1734 sum
901 1665 1066 1728 verborum
1088 1665 1174 1728 lusus
1198 1670 1229 1725 et
1251 1670 1333 1726 artes
1355 1661 1519 1725 versifica-

377 1770 476 1833 toriae
486 1790 507 1855 ‚¹
528 1770 635 1854 quales
660 1777 730 1835 sunt
762 1770 841 1845 istae
863 1789 891 1833 v.
920 1766 1065 1850 89-923
1105 1764 1292 1849 ton-1683
1331 1764 1519 1848 197—1983

378 1871 566 1955 tol-2043
595 1869 785 1956 437-—4383
813 1872 984 1942 539-540
1006 1882 1037 1937 et
1059 1872 1127 1937 alia.
1174 1871 1237 1937 Sed
1258 1872 1320 1935 hoc
1344 1873 1434 1934 ctiam
1457 1890 1522 1939 uon

378 1988 427 2043 est
448 1980 553 2042 vitium
566 1979 667 2059 ,unius
690 1978 851 2063 Matthaei,
883 1978 940 2044 sed
963 1980 1068 2044 vitium
1092 1986 1140 2041 est
1168 1976 1248 2041 iilius
1279 1976 1405 2059 aetatis,
1440 1994 1521 2058 quas
1565 1982 1569 1990 '
1665 1975 1666 1986 ’

377 2086 409 2148 in
433 2084 550 2147 deliciis
574 2084 645 2147 talia
669 2083 781 2151 habuit.
827 2084 893 2147 Huc
915 2086 1049 2169 pertinet
1072 2085 1162 2146 etiam
1186 2080 1279 2168 iliud,
1316 2080 1398 2166 quod
1430 2088 1522 2144 cauto

378 2185 455 2273 fugit
478 2189 591 2269 ubique
615 2188 776 2252 elisiones:
801 2190 827 2254 si
850 2196 899 2251 est
920 2208 981 2256 una
1004 2186 1054 2251 vel
1074 2188 1179 2271 altera,
1204 2206 1230 2250 e.
1244 2205 1273 2270 g.
1297 2188 1329 2249 in
1351 2202 1445 2249 versu
1467 2184 1521 2252 ilio

377 2290 412 2356 9:
440 2292 478 2357 Ut
501 2310 590 2359 saera
614 2290 792 2374 Hieronymi
814 2291 905 2356 tradit
927 2292 1086 2356 translatio
1109 2298 1182 2374 etc,
1206 2275 1297 2353 nemo
1321 2298 1370 2355 est
1385 2294 1522 2378 nescius,

376 2397 561 2463 Matthacum
582 2416 639 2482 pro
663 2398 771 2461 aetatis
796 2416 871 2462 suae
895 2400 1015 2462 ratione
1037 2415 1100 2460 non
1122 2404 1155 2460 ut
1174 2413 1231 2460 uos
1254 2398 1419 2479 scripsisse
1441 2398 1521 2463 Hie-

376 2502 496 2587 ronymi
519 2499 575 2567 sed
599 2503 775 2585 ieronymi3
809 2504 856 2567 sin
883 2522 960 2565 vcro
984 2520 1045 2587 ego
1068 2500 1160 2603 prolui
1182 2500 1321 2565 scribere
1342 2500 1522 2593 Hieronymi

379 2628 419 2673 ex
441 2617 549 2673 nostra
573 2608 813 2692 consuetudine,
848 2608 910 2698 ieci
938 2616 1103 2693 propterca
1131 2626 1171 2669 ne
1195 2606 1331 2673 offendat
1352 2606 1402 2689 illa
1421 2607 1520 2673 forma

340 2778 343 2787 ,
377 2716 492 2779 nostris
506 2715 629 2779 auribus
653 2713 731 2777 male
755 2694 882 2779 cadens
925 2713 978 2777 His
994 2713 1193 2798 praemonitis
1216 2712 1335 2776 videbis
1357 2712 1467 2796 lector,
1490 2714 1522 2776 in

376 2819 554 2887 universum
587 2820 708 2902 quidem
743 2836 807 2888 non
839 2820 880 2883 ita
914 2818 993 2883 male
1026 2818 1140 2882 cadere
1161 2837 1307 2883 versuum
1329 2817 1520 2902 rhythmum

377 2923 617 3008 unumquodque
650 2921 716 2988 iere
751 2920 904 2988 distichon
935 2942 1026 2989 unam
1062 2923 1154 2988 efficit
1180 2925 1362 2990 sententiam
1385 2932 1417 2988 et
1438 2923 1521 2989 haud

376 3027 467 3093 facile
490 3047 550 3094 una
574 3029 724 3092 sententia
748 3047 804 3110 per
826 3037 889 3096 tres
916 3046 1026 3092 versus
1050 3027 1234 3092 extenditur.

464 3130 554 3208 Quod
577 3131 616 3196 ad
639 3135 814 3199 sermonem
836 3132 998 3222 Matthaei
1028 3131 1055 3197 is
1083 3152 1147 3198 uon
1170 3133 1300 3215 optimus
1325 3138 1389 3214 est;
1427 3131 1520 3200 muita

376 3235 469 3301 habet
492 3237 586 3300 verba
607 3237 739 3302 barbara
763 3237 977 3303 ecclesiastica
1003 3245 1034 3300 et
1060 3235 1263 3322 scholastica,
1295 3235 1412 3321 verba,
1440 3255 1519 3319 quae

377 3339 528 3406 interdurn
551 3341 663 3404 frustra
688 3360 819 3425 quaeras
843 3343 873 3403 in
897 3358 978 3405 nova
1002 3339 1151 3406 Glossarii
1169 3341 1361 3425 Ducangiani
1383 3340 1519 3408 editione

377 3446 512 3510 Parisino
536 3447 573 3510 ab
596 3445 783 3510 Henschelio
808 3454 921 3510 curata.
969 3445 1032 3510 Sed
1054 3462 1117 3509 uon
1139 3464 1180 3509 ex
1203 3445 1298 3510 Tobia
1321 3446 1422 3511 solo
1413 3465 1445 3555 ιιι
1466 3448 1519 3512 in-

378 3549 492 3615 finitum
514 3550 696 3634 locupletari
715 3559 818 3638 potest
839 3551 901 3615 hoc
923 3550 1077 3616 Lexiconi
1167 3558 1169 3563 '

464 3654 621 3721 Sufficiant
645 3653 724 3718 haec
746 3655 877 3737 paucula
901 3674 919 3718 a
941 3674 990 3718 me
998 3651 1222 3739 praemonita,
1252 3655 1459 3740 indicetque
1450 3675 1519 3739 rpsc

378 3777 496 3842 aequus
520 3760 619 3824 lector
640 3756 889 3844 benevolusque,
923 3759 1055 3827 fueritne
1092 3757 1201 3842 dignus
1224 3767 1317 3842 poeta
1341 3762 1518 3843 quidecim

377 3882 395 3928 a
418 3883 467 3928 me
490 3863 644 3928 ederetur.
689 3863 756 3928 Hoc
778 3865 851 3958 mihi
874 3866 982 3932 saitem
1000 3875 1144 3930 constare
1163 3863 1293 3950 videtur,
1311 3851 1389 3929 'licet
1410 3866 1518 3930 tantil-

377 3967 438 4035 lum
461 3969 513 4052 sit,
526 3975 638 4066 ιιιιιειι
660 3987 723 4032 ιιοιι
747 3987 837 4036 omne
858 3972 989 4052 pretium
1012 3971 1246 4054 abjudicandum
1269 3989 1340 4035 esse
1360 3977 1404 4034 et
1414 3991 1431 4035 a
1454 3989 1517 4036 ιιο-

378 4081 442 4140 stro
468 4075 528 4137 ct
520 4054 551 4137 ιιι
574 4075 750 4140 universum
774 4095 792 4139 a
817 4077 927 4162 quovis
951 4080 1087 4140 carmine
1110 4073 1231 4140 mediae
1257 4078 1371 4160 acatis,
1406 4083 1514 4140 nostro

378 4179 481 4266 gustui
503 4179 553 4242 vei
575 4181 696 4244 minime
720 4178 939 4265 accomodato,
973 4180 1065 4244 modo
1095 4183 1273 4265 respexeris
1297 4181 1336 4244 ad
1358 4181 1518 4247 historiam

378 4281 555 4351 litterariam
585 4285 809 4370 universalem,
844 4286 1015 4367 eademque
1046 4287 1259 4350 aestimatione
1290 4285 1414 4370 dignum
1445 4307 1518 4382 esse

378 4391 429 4456 vel
448 4391 510 4455 tale
530 4408 658 4474 poema,
693 4391 775 4474 quali
796 4389 870 4454 ferri
893 4389 995 4455 solent
1015 4399 1062 4454 tot
1084 4391 1215 4475 antiqui,
1249 4390 1331 4474 quod
1355 4391 1518 4458 classicum

379 4502 554 4580 nuncupant
579 4496 726 4577 temporis
748 4498 891 4581 carmina,
916 4514 1010 4580 quae,
1022 4497 1105 4561 host
1125 4514 1189 4560 uon
1212 4497 1288 4580 siut,
1310 4498 1392 4561 hona
1414 4507 1516 4562 tamen

380 4598 493 4663 dehent
517 4617 589 4663 esse
613 4599 682 4682 quia
706 4607 776 4664 sunt
798 4607 919 4666 uetusta
943 4607 1060 4683 totque
1080 4620 1098 4665 a
1108 4608 1166 4666 tot
1187 4600 1361 4668 hominibus
1381 4602 1518 4726 perlecta

381 4724 418 4770 sc
440 4704 597 4770 devorata.
