3567 5675
857 562 1073 628 ...54-

389 734 453 805 895
498 735 575 803 Sunt
597 734 771 801 assistrices
795 735 955 800 doctrinae
974 740 1120 817 quatuor:
1151 730 1259 795 harum

563 840 713 923 Coniugio
736 840 868 906 studium
890 840 1077 911 nuoutcare
1099 836 1188 902 solet

491 946 595 1011 ‚Prima
616 946 695 1028 perit
717 942 842 1031 nutura',
873 946 957 1030 quod
977 944 1134 1029 ingenium
1155 941 1258 1007 iavet:
1290 947 1386 1024 auget

563 1051 617 1114 Vis
641 1051 795 1137 exercitii,
825 1052 945 1136 perlicit
965 1068 1042 1116 usus
1065 1063 1152 1132 opus.
1244 1067 1264 1101 υ

498 1158 555 1225 list
576 1158 708 1233 incultus
733 1176 809 1243 ager
830 1160 888 1224 s'ed
910 1158 1018 1225 fertilis
1041 1157 1114 1221 ortis
1137 1172 1271 1238 egenum

393 1266 457 1333 900
563 1266 739 1349 Ingenium,
769 1265 860 1331 studii
882 1263 1047 1331 sedulitate
1069 1278 1190 1327 careus.

498 1374 556 1439 Est
576 1373 697 1439 sterilis·
713 1373 771 1439 sed
794 1373 893 1439 cultus
916 1392 993 1457 ager
1015 1370 1106 1438 studii
1128 1369 1217 1434 labor
1239 1385 1353 1452 expers

564 1479 698 1562 ingenii:
729 1480 840 1563 iungas
863 1479 944 1543 haec
963 1479 1043 1562 duo,
1073 1472 1185 1541 me'ssis
1209 1473 1306 1539 adest
1361 1493 1364 1502 ’

501 1580 636 1648 Consule
658 1582 804 1648 doctores
827 1583 923 1667 legis:
954 1581 1082 1648 discede
1104 1580 1254 1668 maiorum

557 1688 593 1752 'A
616 1688 854 1774 conventiculis,
885 1688 1095 1752 concomitare
1117 1686 1227 1749 bonos.
1336 1725 1339 1734 ·

394 1792 457 1859 905
500 1793 540 1859 Ut
561 1792 600 1857 de
622 1793 712 1857 melle
735 1792 852 1878 levum,
887 1802 995 1857 necter
1017 1792 1056 1856 de
1078 1798 1221 1873 nectare,
1242 1790 1349 1854 rivum·

565 1898 612 1964 De
634 1897 745 1983 fluvio,
776 1899 895 1963 rudium
918 1899 957 1963 de
979 1898 1118 1963 radiante
1139 1903 1255 1959 metes:

422 2072 423 2077 ,
501 2004 539 2070 Ut
561 2022 690 2089 granum
713 2004 874 2069 demesso
897 2004 968 2088 tibi,
998 2003 1039 2067 de
1061 2002 1147 2067 fonte
1168 2001 1284 2066 salubri

565 2109 696 2193 Pocula,
725 2109 764 2173 de
788 2110 879 2173 doctu
903 2109 1047 2193 dogmate
1069 2114 1173 2172 mente
1194 2107 1291 2191 legas.

501 2215 614 2280 Plaude
636 2214 743 2299 bonis,
772 2214 846 2299 iuge
866 2232 1033 2298 pravorum
1055 2214 1228 2279 consortia:
1261 2211 1361 2277 labem

394 2320 458 2388 910
565 2321 613 2385 Ex
634 2322 704 2403 pice
727 2328 855 2385 tractata
879 2320 1033 2385 conuenit
1054 2338 1148 2403 aegre
1172 2337 1289 2384 munus.

502 2425 541 2491 Ut
562 2425 694 2490 Domino
716 2425 841 2507 placeas
852 2474 861 2510 ,
895 2425 959 2488 noli
980 2442 1130 2508 peceare:
1144 2424 1265 2508 -relega

565 2528 744 2616 Peccatum,
773 2532 896 2595 reniam
914 2548 1028 2615 pesce,
1065 2530 1174 2596 beatus
1198 2532 1269 2596 eris.

501 2636 547 2701 Da
569 2636 708 2721 miseris,
736 2636 980 2718 potumsitieuti
1001 2634 1112 2720 iunde,
1146 2634 1308 2699 molestum

565 2740 725 2805 Laetifica:
756 2758 869 2823 parcus
893 2741 1011 2805 semine
1033 2758 1127 2822 parea
1150 2748 1257 2804 metes.

392 2847 455 2915 915
499 2848 555 2913 Est
576 2847 685 2912 ancille
707 2847 765 2910 Dei
788 2846 919 2929 simplex
943 2846 1139 2931 elemosyna,
1170 2848 1278 2912 mortis

563 2951 757 3036 Antidotum,
787 2953 899 3016 veniae
919 2959 1026 3037 portu,
1061 2951 1168 3017 salutis
1189 2953 1257 3018 iter.

500 3058 642 3141 Disputat
664 3057 813 3122 adversus
837 3057 937 3122 dentis
960 3065 1105 3141 peccata,
1135 3065 1261 3141 perorat

565 3165 709 3247 Auctor-i,
740 3163 862 3227 redimit
882 3162 1014 3248 probra,
1043 3171 1189 3246 precatur
1211 3183 1310 3244 opem

502 3272 665 3337 Peccatum
687 3287 771 3334 mors
795 3277 843 3335 est
866 3271 1003 3355 animae,
1036 3287 1120 3334 mers
1142 3270 1246 3334 debita
1267 3289 1369 3354 poena

397 3377 461 3444 920
570 3377 710 3441 Peccati:
727 3393 814 3465 ,sana
834 3361 978 3460 vulnero,
1007 3375 1132 3442 morbus
1154 3376 1251 3441 abest.
1354 3410 1358 3422 »

503 3482 612 3548 Cordis
635 3500 722 3546 amor
743 3480 881 3545 manibus
904 3480 1147 3564 praeponderat:
1179 3482 1281 3546 hostia
1304 3488 1391 3567 gratu

566 3587 623 3652 Est
643 3587 764 3654 humilis
787 3587 919 3652 Domino
942 3586 1080 3671 spiritus,
1111 3605 1164 3651 ara
1189 3585 1324 3670 placens.
1395 3620 1399 3623 ·
1443 3661 1452 3682 Ο

467 3844 521 3899 895
540 3843 675 3898 astitrices
697 3845 734 3898 dle
900 3839 955 3895 896
974 3839 1056 3894 tract.
1075 3839 1142 3895 lacit
1158 3843 1170 3895 1
1290 3842 1345 3899 898
1363 3854 1506 3916 promovet
1522 3851 1548 3902 P

395 3931 449 3990 899
468 3950 572 4004 egenus
592 3935 615 3990 0
781 3930 833 3985 900
854 3931 936 3986 studii
956 3931 1097 3988 fertilitate
1116 3935 1140 3987 P
1271 3935 1323 3990 901
1344 3944 1387 3992 est
1402 3935 1503 3992 fertilis
1520 3940 1547 3993 P

398 4023 453 4078 900
470 4021 549 4078 abest
566 4023 590 4076 P
755 4018 807 4074 903
827 4019 903 4074 disee
922 4021 947 4074 P
998 4019 1141 4077 dissuesce
1159 4043 1174 4077 o
1193 4021 1229 4077 ci.
1249 4023 1303 4079 697
1488 4028 1546 4085 904
1646 4006 1647 4023 ¹

399 4111 625 4168 accurentieule
644 4109 804 4164 continuare
823 4110 960 4167 bonosl'
1071 4112 1125 4168 906
1144 4121 1218 4169 nect.
1237 4113 1378 4170 riuumV
1488 4118 1545 4173 906

399 4201 523 4258 radiente
542 4203 571 4253 F
699 4201 753 4258 908
771 4210 861 4256 mente
879 4219 935 4257 om.
954 4204 980 4256 P
1111 4205 1164 4259 910
1184 4222 1218 4259 ex
1235 4224 1304 4279 paee
1322 4209 1350 4261 P
1403 4207 1498 4280 excipe
1522 4209 1550 4261 V

400 4299 538 4349 contrecta
557 4291 593 4346 sl.
615 4293 776 4348 commota!
827 4300 967 4348 eontracta
987 4292 1022 4347 al.
1041 4293 1067 4349 nl
1087 4302 1200 4349 macuta
1224 4298 1258 4350 W
1342 4294 1393 4349 911
1416 4304 1443 4350 et
1460 4291 1544 4352 Dum.

402 4385 425 4440 G
577 4381 759 4456 stupesco
913 4383 967 4439 913
986 4386 1142 4456 portumV
1259 4385 1314 4441 914
1331 4402 1413 4458 pum
1432 4395 1497 4443 met.
1515 4389 1547 4444 lo

400 4490 483 4546 parce
502 4473 634 4528 metetl'
684 4489 771 4546 pauca
794 4473 835 4527 Wl
968 4472 1020 4529 915
1040 4475 1155 4548 supplex
1177 4477 1202 4529 t'
1234 4476 1356 4546 ,nitisG
1488 4477 1545 4534 916

400 4563 512 4633 potet'
580 4577 695 4634 pareto
844 4562 898 4618 917
922 4563 1042 4638 disputat
1059 4585 1104 4618 =
1122 4565 1252 4631 „auserim
1279 4565 1443 4621 convincere
1467 4567 1546 4621 vult“

401 4647 486 4709 Barth
504 4652 539 4708 ad
556 4649 663 4708 Britou.
682 4647 754 4708 Phil.
773 4649 824 4707 xl.
843 4654 870 4708 2.
890 4673 918 4728 p.
937 4655 991 4711 678
1068 4655 1122 4712 918
1139 4655 1267 4710 redimit
1318 4656 1446 4730 propiunt
1463 4673 1547 4730 opem
1645 4676 1646 4685 ¹

408 4743 432 4799 V
534 4743 586 4799 919
605 4761 633 4816 p.
653 4751 695 4799 est
713 4761 785 4800 mors
804 4744 821 4798 Ι
858 4757 881 4808 ¹,
