3567 5675
1386 484 1819 615 ..93-

847 723 1014 788 Orbe
1058 722 1294 806 bonus,
1348 722 1602 807 melior,
1667 722 1932 804 optimus
1976 729 2141 785 astra
2183 722 2351 803 petit.

433 826 621 892 1995
714 826 1011 891 Doctrina
1055 826 1306 909 Moyses
1330 874 1348 910 ,
1417 825 1573 890 alter
1615 825 1847 909 David,
1914 824 2071 888 alter
2111 824 2299 907 Elias,

842 931 1011 996 Orbe
1053 930 1276 1015 Iacob,
1336 930 1530 1020 coelis
1575 930 1803 1015 Israel,
1864 938 2029 994 astra
2075 928 2239 993 colit.

716 1036 886 1101 Exul.
921 1046 1087 1122 erat,
1143 1037 1330 1101 modo
1379 1038 1532 1101 civis
1578 1039 1728 1121 erit,
1802 1055 1921 1100 nec
1967 1036 2097 1100 obit
2140 1035 2251 1100 sed
2300 1033 2510 1097 obedit

811 1142 1037 1225 -Patri,
1101 1141 1244 1205 dum
1287 1142 1555 1224 patriae,
1611 1139 1754 1204 dum
1799 1141 1989 1224 patris
2039 1145 2207 1221 optat
2252 1154 2425 1219 opeS.

715 1245 955 1328 Quippe
999 1253 1177 1328 pater
1218 1247 1475 1329 patriae,
1521 1254 1699 1327 pater
1743 1254 1809 1309 et
1848 1244 2218 1329 patriarcha,
2260 1249 2555 1324 patronus

435 1349 622 1415 2000
843 1351 970 1415 Imo
1016 1352 1422 1434 patrocinium
1466 1350 1624 1434 legis
1672 1352 1847 1415 obire
1894 1352 2123 1431 nequit.

709 1457 848 1521 Non
891 1458 1172 1521 moritur:
1231 1458 1541 1540 poteritne
1586 1458 1742 1520 mori
1790 1458 1888 1521 cui
1936 1455 2099 1520 fama
2142 1460 2428 1537 perorat,

848 1562 1010 1626 Laus
1056 1562 1354 1646 loquitur,
1416 1561 1661 1625 redolet
1705 1561 1976 1645 fructus·‚
2036 1559 2307 1623 abundat
2351 1555 2599 1621 honor?

710 1662 887 1730 Unde
933 1665 1153 1730 dolens
1197 1668 1475 1730 tristatur
1517 1667 1739 1751 home,
1803 1667 1967 1730 canit
2012 1664 2307 1748 angelus:
2369 1661 2534 1726 unde

843 1770 1018 1835 Unde
1061 1779 1430 1835 serenantur
1475 1771 1715 1855 sidera,
1778 1770 1967 1854 pallet
2009 1772 2251 1834 humus,

449 1875 619 1941 2005
710 1876 948 1941 Dormit
994 1895 1131 1939 cum
1176 1878 1485 1962 patribuS,
1548 1877 1772 1942 dormit
1814 1878 2004 1960 patris
2050 1878 2110 1940 in
2155 1876 2319 1959 lare,
2379 1873 2602 1937 dormit

690 2054 696 2060 ὁ
842 1982 920 2048 Et
962 1983 1136 2046 metit
1175 1984 1238 2045 in
1280 1984 1476 2065 patria
1522 1983 1761 2047 coelica
1804 1982 1978 2060 lucra
2023 1983 2183 2046 viae.

714 2070 830 2160 Qui
875 2085 1107 2150 studuit
1147 2088 1390 2150 sancire
1433 2087 1550 2150 Dei
1593 2086 1930 2170 magnalia,
1998 2093 2278 2150 sanctum

847 2189 1212 2255 Sanctorum
1257 2209 1515 2255 numero
1568 2208 2017 2254 connumerare
2066 2189 2265 2253 decet.

718 2295 832 2369 Qui
874 2296 1200 2360 Dominum
1246 2296 1434 2361 coluit
1480 2298 1805 2380 exemplo,
1872 2295 2195 2380 dogmate,
2270 2295 2468 2380 votis,

455 2398 636 2464 2010
746 2389 752 2395 ’
844 2402 1089 2485 Laude,
1151 2402 1412 2465 relativo
1461 2401 1648 2465 debet
1690 2400 1933 2465 honore
1981 2402 2118 2465 coli.

720 2506 941 2572 Tobias
987 2507 1207 2571 Ninive
1248 2509 1444 2572 iacet:
1509 2509 1643 2573 eius
1690 2507 1851 2571 fama
1896 2515 2157 2590 nepotes

841 2610 1098 2675 irradiat
1113 2611 1407 2695 {coelos
1453 2604 1700 2695 spiritus
1715 2661 1732 2701 ,
1798 2630 1945 2676 ossa
1991 2610 2209 2676 solum.

713 2714 996 2797 Quinque
1039 2722 1218 2799 pater
1261 2715 1474 2782 decies
1521 2725 1583 2781 et
1627 2735 1744 2781 sex
1785 2718 2179 2800 praevixerat
2223 2716 2397 2801 annis

843 2820 995 2885 Cum
1040 2822 1318 2886 caecavit
1365 2841 1505 2887 eum
1547 2823 1992 2906 primipotentis
2040 2825 2234 2886 amon

448 2924 624 2990 2015
713 2927 926 2992 Visum
971 2928 1246 3010 suscepit
1289 2930 1738 3013 sexagenarius
1783 2931 1959 2994 annis
1981 2979 1998 3013 ‚

843 3017 992 3097 Post
1035 3034 1188 3098 vixit
1231 3033 1442 3099 decies
1491 3043 1783 3119 quatuor,
1846 3034 2007 3098 adde
2053 3033 2232 3098 duos.

714 3137 932 3204 Annos
975 3138 1135 3202 adde
1181 3138 1372 3225 duos,
1434 3148 1678 3203 centum
1722 3158 2011 3204 mensura
2058 3140 2295 3203 dierum

842 3243 1075 3307 Tobiae
1120 3244 1321 3308 stabili
1367 3246 1724 3328 cognitione
1768 3254 1954 3328 patet.

716 3349 878 3414 Patri
924 3352 1290 3432 compatitur
1335 3353 1624 3434 cognatio
1671 3360 1946 3436 moesta,
2007 3351 2293 3433 querelas

455 3452 632 3519 2020
847 3454 1147 3539 Ampliat,
1205 3455 1400 3519 imbre
1445 3458 1605 3539 rigat
1649 3456 1964 3520 uberiore·
1986 3474 2200 3540 genas.

612 3605 750 3661 1994
785 3613 926 3686 astra
964 3604 1119 3676 petit.
1160 3621 1268 3658 om.
1312 3606 1357 3660 G
1442 3605 1572 3659 'alta
1608 3605 1749 3677 petit
1794 3606 1850 3659 V
1911 3625 1916 3629 ’
2045 3606 2179 3662 1996
2217 3603 2365 3659 orbis
2403 3604 2568 3661 israel
2605 3614 2749 3660 astra

456 3693 607 3767 petit
644 3699 688 3751 G
796 3696 983 3751 coelos
1018 3699 1075 3750 Io
1295 3695 1434 3751 1998
1469 3693 1620 3751 Patri
1658 3696 1785 3750 dum
1822 3697 1991 3768 patris
2030 3715 2199 3768 regna
2238 3698 2602 3768 thronumque
2639 3712 2752 3768 pe-
2846 3696 2852 3711 ¹

453 3783 527 3838 tit
569 3781 592 3854 ΙΙ
628 3781 750 3840 Non
775 3786 921 3858 perit
943 3785 1055 3840 imo
1083 3792 1242 3856 paret
1260 3783 1425 3840 ‘Patri
1449 3785 1776 3858 patriarcha,
1814 3796 2079 3858 patronus
2119 3787 2143 3860 ΙΙ
2184 3785 2401 3860 Quippe
2427 3787 2697 3859 patrocin.
2722 3807 2753 3841 ο

454 3874 603 3928 1999
641 3876 841 3948 quippe
881 3884 1037 3948 pater
1072 3876 1281 3947 patriae
1321 3883 1378 3930 et
1415 3876 1722 3946 patriarcha
1759 3886 2021 3949 paternus
2068 3882 2115 3933 V
2365 3879 2502 3934 2001
2547 3876 2755 3948 poterit
2796 3905 2807 3915 x

449 3981 564 4018 nec
602 3965 743 4019 mori
779 3968 802 4020 l
1029 3966 1173 4020 2003
1212 3965 1359 4020 canit
1395 3982 1520 4036 ang.
1561 3983 1630 4020 ex
1664 3965 1770 4021 hoc
1814 3970 1858 4023 θ
1964 3968 2093 4022 inde
2134 3970 2226 4020 W
2466 3968 2613 4021 2004
2649 3984 2753 4021 so·-

451 4065 722 4112 notantur
761 4055 855 4108 W
1077 4057 1221 4110 2006
1261 4063 1317 4109 et
1351 4056 1495 4110 mitit
1541 4058 1589 4111 V
1688 4065 1750 4110 ut
1785 4064 1955 4111 metat
1990 4061 2013 4110 l
2254 4058 2399 4111 2007
2427 4073 2656 4111 sanxere
2700 4054 2751 4107 G

457 4141 682 4198 laudare
720 4145 810 4200 dei
852 4147 908 4200 V
1013 4145 1227 4200 sanxire
1268 4143 1322 4217 (x
1357 4145 1414 4199 in
1452 4145 1582 4221 ras.)
1632 4149 1698 4201 W
1801 4163 2017 4201 servare
2055 4149 2078 4201 Ι
2186 4147 2282 4219 qui
2317 4163 2468 4201 sanc.
2493 4144 2563 4198 D.
2603 4143 2746 4198 stud.

455 4252 494 4286 0
533 4261 605 4271 —-
638 4231 851 4291 Desinit
884 4237 945 4290 in
982 4235 1090 4290 hoc
1125 4252 1292 4290 versu
1331 4236 1387 4287 V
1595 4237 1740 4291 2008
1775 4237 1834 4291 in
1870 4253 2101 4291 numero
2136 4238 2194 4291 Io
2338 4239 2481 4294 2009
2516 4239 2661 4291 mois
2700 4239 2748 4287 ἑο

453 4323 609 4376 2010
647 4321 756 4376 frui
791 4326 808 4376 l
864 4390 869 4395 ς
1017 4325 1165 4400 2012
1202 4323 1420 4378 eoelum
1456 4327 1478 4378 1
1653 4325 1796 4381 2013
1833 4324 1995 4379 armis
2037 4329 2082 4381 G
2188 4342 2361 4380 annos
2399 4347 2429 4382 o
2604 4327 2748 4379 afflat

451 4429 598 4487 dum
633 4430 669 4481 I
768 4428 1164 4499 primitenentis
1203 4451 1232 4484 ο
1342 4413 1495 4540 ἓξὲξ
1540 4434 1608 4486 W
1721 4449 1859 4504 apex
1894 4434 1916 4485 1
2244 4434 2387 4490 2016
2426 4435 2664 4504 postumii
2708 4437 2748 4487 G

447 4545 625 4610 atque
655 4534 806 4590 duos
842 4556 872 4590 o
1076 4573 1094 4585 ,
1239 4539 1384 4594 2017
1423 4548 1631 4595 tantum
1668 4556 1841 4595 mens.
1885 4541 1929 4594 θ
2262 4541 2405 4596 2018
2442 4523 2580 4611 93ῠῆ
2624 4543 2744 4611 [co-

452 4626 707 4696 gnitione
721 4623 780 4701 ?)-
814 4630 862 4683 G
1106 4629 1250 4682 2019
1289 4629 1359 4684 al.
1401 4629 1682 4699 generatio
1719 4633 1752 4684 1
1999 4631 2141 4686 2020
2179 4631 2360 4686 madet
2394 4630 2464 4684 al.
2504 4627 2640 4699 rigat
2691 4631 2752 4679 W

453 4713 622 4785 ampl.
662 4723 722 4770 et
757 4715 890 4772 netu
927 4717 1073 4788 rigat
1107 4716 1129 4739 *
1167 4715 1428 4771 uberiore
1466 4732 1634 4789 genas
1670 4737 1701 4771 ο
