3567 5675
345 740 435 807 llaec
456 750 537 826 cunt,
560 762 639 827 quae
662 746 702 815 de
723 746 785 810 vita
805 753 918 827 poetae
938 761 996 827 pro
1019 740 1243 807 certlslmhari
1265 733 1407 825 possunt,

125 910 126 915 ,
267 844 386 915 scilicet
407 845 534 919 muna
553 850 648 913 rebus
670 868 711 915 ex
733 850 960 928 Bartholomaei
986 848 1182 929 vitupetitis.
1234 846 1303 920 Quo
1326 841 1407 909 anno

125 940 126 1011 3
262 960 405 1019 tortum
426 952 482 1033 sit,
511 970 573 1021 non
597 956 694 1038 magis
717 960 822 1019 notum
845 962 895 1017 est
916 970 1008 1033 qnum
1017 970 1090 1035 quo
1113 958 1203 1014 natus
1224 951 1273 1013 ait
1317 952 1352 1014 V.
1372 944 1411 1014 i).I

125 1020 127 1079 ἱ
266 1056 353 1123 tuti.
374 1056 407 1123 t.
431 1056 470 1119 da
494 1057 540 1120 Fr.
563 1066 650 1140 putat
670 1059 831 1141 aequalem
860 1057 928 1121 fere
951 1073 1022 1120 eum
1045 1051 1142 1119 inisse
1162 1052 1408 1137 Bartholomaeo‚

268 1162 320 1242 qui
342 1168 480 1223 mortuus
511 1169 559 1225 est
582 1179 663 1226 anno
688 1160 781 1227 1206.
836 1162 992 1226 Floruisse
1019 1160 1112 1242 igitur
1132 1160 1320 1223 Matthaeum
1342 1167 1412 1223 ata-

267 1275 388 1339 tuamus
419 1266 500 1333 circa
532 1286 644 1332 annum
669 1264 789 1354 11605)
821 1275 853 1331 et
874 1274 1028 1333 mortuum
1050 1266 1134 1332 circa
1155 1265 1206 1331 uel
1226 1264 1318 1349 paulo
1340 1272 1412 1349 post

269 1390 380 1438 annum
405 1368 496 1435 1200.

749 1592 870 1653 chaun
893 1593 929 1651 11.
1329 1645 1332 1650 .

426 1688 666 1797 nnrrnnni
691 1700 1037 1801 vrnooomunsrs
1064 1720 1264 1797 scamna,
1377 1721 1381 1808 j

356 1897 474 1973 Quodsi
508 1899 539 1961 in
577 1898 638 1961 hoc
669 1902 768 1982 capite
796 1922 813 1965 a
842 1910 933 1985 tergo
967 1901 1084 1985 incepi,
1124 1900 1243 1966 scilicet
1271 1863 1414 1981 id.qu⁰d

269 2010 361 2085 caput
385 2008 449 2085 est,
476 2003 508 2064 in
530 2002 589 2071 lina
611 2005 718 2087 posui,
741 2006 772 2067 id
796 2016 964 2092 proptereo
986 2006 1065 2089 leci,
1094 2013 1128 2071 ut
1150 2005 1335 2069 enumeratis
1358 2022 1415 2065 re..

269 2106 360 2190 liquis
384 2106 527 2189 adeoque
546 2108 675 2172 incertis
690 2108 836 2174 Matthaei
861 2112 983 2193 scriptis
1001 2112 1161 2176 transitum
1184 2108 1255 2173 inda
1278 2108 1414 2172 laceram

269 2211 309 2277 ad
332 2211 474 2295 lobiam,
507 2211 538 2273 in
562 2229 623 2293 quo
645 2212 738 2296 paulo
762 2216 872 2281 diutius
897 2204 1081 2280 commorari
1103 2214 1261 2279 debemus.
1315 2213 1415 2277 Pauca
1522 2238 1525 2244 ·

267 2324 384 2381 tantum
408 2314 448 2379 de
470 2315 528 2381 illis
550 2315 646 2400 libris,
670 2319 722 2400 qui
745 2319 802 2382 suh
816 2319 964 2385 Matthaei
985 2320 1084 2384 nostri
1105 2320 1229 2383 nomine
1252 2320 1282 2384 in
1296 2317 1415 2381 Biblio-

269 2422 369 2489 thacis
393 2422 498 2505 latent,
521 2419 633 2483 afferro
650 2440 787 2509 possum,
809 2444 912 2508 nequa
936 2426 1123 2522 conjecturis
1143 2424 1278 2488 lectores
1302 2424 1414 2488 morari

269 2526 346 2590 libet
368 2542 447 2605 quaa
471 2524 553 2585 omni
574 2522 772 2590 fundamento
797 2546 909 2592 carere
931 2528 1053 2612 debent,
1077 2529 1188 2614 quippe
1211 2546 1280 2591 cum
1302 2528 1416 2591 nemini

272 2629 578 2712 adhucconuigem,
601 2636 634 2693 ut
657 2620 726 2694 data
750 2650 855 2714 opera·
870 2632 1002 2696 codices
1025 2633 1095 2698 illos
1118 2634 1295 2715 inspexerit.
1347 2632 1413 2695 lie-
1545 2707 1547 2712 Ι

269 2735 331 2799 lata
353 2734 447 2817 igitur
467 2730 589 2818 refero,
622 2752 663 2798 ne
694 2737 764 2816 quid
787 2736 996 2823 desideretur,
1028 2744 1059 2802 at
1088 2754 1154 2800 rem
1176 2736 1316 2819 relinquo
1340 2736 1417 2820 aliis,

272 2845 383 2926 quibus
411 2839 594 2924 inspiciendi
625 2842 704 2906 istos
733 2841 853 2908 libellos
884 2843 1013 2908 facultas
1044 2851 1076 2907 et
1105 2843 1231 2908 occasio
1260 2840 1329 2906 data
1359 2848 1414 2904 est.

272 2949 369 3024 Quam
399 2945 457 3010 sini
487 2945 618 3010 oblatam
645 2948 759 3011 utinam
791 2949 900 3032 aliquis
917 2931 1053 3012 ‘tandem
1084 2947 1249 3030 arriperet!
1284 2945 1416 3009 Exstare

271 3053 365 3135 igitur
386 3049 527 3114 feruntur
549 3051 605 3113 suh
628 3049 774 3114 Matthaei
795 3053 1033 3116 vindocinensis
1056 3053 1180 3116 nomine
1202 3051 1289 3116 haec.

357 3153 379 3217 l.
424 3153 517 3216 Liber
545 3154 697 3239 incertus,
734 3157 822 3220 cuius
858 3158 994 3220 meminit
1021 3155 1198 3220 Eberardus
1221 3157 1415 3222 Betuniensis

271 3257 381 3342 Labpr.
397 3245 432 3341 p.
449 3254 521 3321 830.
879 3333 882 3340 Δ
1243 3252 1245 3257 ’

424 3363 584 3430 Scribendi
607 3363 688 3446 regit
710 3353 901 3428 arte'stilum
921 3363 1094 3446 lluphoque
1117 3370 1251 3446 negante

486 3465 621 3530 Laudem
643 3465 816 3531 Matthaeus
839 3466 1076 3532 vindocinensis
1098 3465 1201 3530 habet.

359 3571 406 3634 De
437 3589 498 3653 quo
528 3573 569 3634 ait
598 3571 632 3634 Η.
655 3572 687 3635 L.
718 3571 757 3636 de
785 3573 832 3636 rr.
864 3591 893 3654 p.
910 3570 988 3635 427:
1023 3572 1103 3647 „Sur
1133 3561 1205 3653 quoi
1236 3578 1301 3633 une
1327 3569 1418 3653 glosa

274 3667 461 3756 manuscrite
489 3683 578 3757 porte
602 3693 655 3740 ces
678 3685 773 3739 mols:
807 3673 987 3740 Matthaeus
1010 3675 1156 3739 describit
1177 3683 1286 3738 contro
1307 3675 1419 3754 Rosam

274 3783 436 3846 canalium
458 3781 615 3844 coctanus
636 3789 668 3844 et
687 3779 803 3844 obtinet
826 3783 975 3844 victorius
1000 3790 1033 3844 et
1053 3781 1159 3844 moues
1181 3789 1290 3843 coneo
1310 3782 1418 3862 ipsum.

274 3887 299 3950 ll
321 3883 497 3950 semblerait
526 3903 582 3966 par
612 3892 693 3948 cette
716 3892 789 3949 note
802 3881 872 3967 'que
903 3893 993 3950 notre
1016 3893 1127 3948 auteur
1149 3885 1247 3948 aurait
1270 3887 1417 3966 compost

277 3991 409 4074 quelque
445 3998 532 4053 autre
564 3998 675 4072 poema
708 4007 749 4053 ou
771 3990 791 4052 il
814 3991 913 4054 aurait
935 3990 1038 4054 donne
1061 3987 1117 4053 dos
1143 3990 1352 4073 instructions,
1377 3989 1418 4055 od
1455 4017 1460 4025 ·

125 4109 126 4194 j
200 4143 202 4148 ,
275 4099 454 4180 peut-ihc
485 4097 541 4160 des
571 4095 676 4181 regias
707 4115 760 4161 sur
792 4098 859 4161 l’art
889 4098 1022 4162 d'ecrire
1059 4115 1121 4160 aux
1150 4113 1228 4180 gene
1265 4097 1305 4160 de
1341 4116 1419 4162 cour

277 4219 318 4266 ou
341 4220 402 4266 aux
423 4220 596 4285 personnes
619 4203 657 4266 de
679 4203 823 4284 ·qualitd.“

227 4349 230 4358 ·
363 4307 398 4370 11.
441 4306 586 4370 Matthaei
615 4315 743 4370 metrum
774 4326 868 4390 super
890 4307 1103 4372 salutationem
1126 4303 1297 4388 angelicam
1322 4303 1417 4377 „dans

276 4411 307 4476 le
339 4408 499 4494 catalogue
532 4409 587 4476 des
624 4414 806 4500 manuscrits
846 4410 885 4478 de
914 4411 1019 4476 Thom.
1050 4409 1167 4497 Bodlep
1201 4406 1286 4496 (Part.
1315 4407 1336 4473 1.
1366 4423 1417 4472 no.

276 4512 403 4601 2538.)ιι
426 4516 495 4584 ibid.

224 4669 226 4674 .
283 4661 553 4676 *annun—ss

351 4732 759 4813 speannacapuuna
845 4694 900 4786 J
1122 4777 1168 4786 ..
